3010 4520
593 437 748 501 VELLEI
771 439 1011 500 PATERCVLI

302 607 498 687 frequentiam
526 607 557 666 in
585 608 690 667 urbem
714 605 868 666 acciuerat.
922 625 939 665 e
963 625 1022 682 qua
1045 605 1148 682 pulsus
1172 603 1303 679 collegae

302 705 551 783 optimatiumque
578 703 690 764 uiribus
718 724 787 764 cum
815 703 846 763 in
871 701 1067 780 Campaniam
1095 702 1238 773 tenderet,
1267 719 1303 759 ex

302 802 476 863 auctoritate
496 812 615 862 senatus
635 803 806 861 consulatus
822 799 849 860 ei
865 800 1023 876 abrogatus
1041 809 1085 858 est
1102 800 1302 874 suffectusque

302 899 334 959 in
362 898 425 958 eius
449 901 550 958 locum
576 900 608 958 L.
636 897 792 959 Cornelius
818 899 935 956 Merula
958 898 1067 956 flamen
1092 893 1185 955 dialis
1228 895 1303 952 haec

274 995 409 1068 4iniuria
436 995 558 1056 homine
586 1015 677 1072 quam
706 995 842 1071 exemplo
867 992 983 1070 dignior
1010 992 1072 1053 fuit.
1116 1003 1180 1052 turn
1205 989 1331 1052 Cinnas

303 1093 448 1170 corruptis
470 1093 566 1170 primo
588 1091 811 1153 centurionibus
833 1111 869 1151 ac
890 1089 1023 1163 tribunis,
1047 1110 1116 1150 mox
1139 1088 1228 1149 etiam
1251 1107 1303 1164 spe
1321 1107 1323 1113 ’

304 1189 464 1268 largitionis
486 1190 637 1263 militibus,
657 1190 696 1249 ab
717 1209 754 1250 eo
776 1189 912 1262 exercitu,
929 1187 981 1266 qui
1002 1187 1080 1248 circa
1101 1189 1211 1248 Nolam
1232 1196 1301 1258 erat,

303 1299 439 1364 receptus
467 1297 519 1347 est.
563 1286 587 1347 is
618 1306 687 1346 curn
716 1285 871 1346 uniuersus
902 1285 932 1344 in
961 1285 1053 1346 uerba
1080 1283 1143 1345 eius
1170 1283 1301 1355 iurasset,

304 1384 433 1444 retinens
461 1383 587 1461 insignia
611 1384 782 1443 consulatus
806 1381 917 1459 patriae
941 1382 1053 1441 bellum
1080 1381 1187 1454 intulit,
1213 1383 1303 1440 fretus

305 1480 417 1558 ingenti
445 1500 569 1540 numero
597 1477 745 1540 nouorum
770 1479 889 1552 ciuium,
914 1498 1080 1556 equorum
1104 1480 1223 1539 delectu
1247 1495 1303 1538 ccc
1320 1495 1349 1528 ¹0

304 1578 431 1656 amplius
454 1580 591 1639 cohortes
614 1577 827 1654 conscripserat
848 1591 884 1636 ac'
904 1576 1022 1654 triginta
1042 1575 1193 1653 legionum
1214 1575 1305 1637 instar

277 1676 486 1753 5impleuerat.
530 1696 606 1752 opus
621 1685 682 1735 erat
698 1673 830 1751 partibus
849 1673 1031 1746 auctoritate,
1047 1672 1131 1733 cuius
1150 1676 1304 1749 augendae

305 1773 397 1852 gratia
411 1775 445 1836 C.
464 1773 593 1833 Marium
613 1793 682 1833 curn
697 1771 758 1832 filio
775 1774 814 1832 de
831 1771 918 1832 exilio
937 1769 1089 1832 reuocauit
1106 1770 1218 1848 quique
1235 1791 1303 1832 cum

305 1871 341 1931 iis
355 1869 433 1947 pulsi
447 1881 538 1930 erant.

259 1997 293 2039 21
348 1972 430 2029 Dum
451 1968 563 2027 bellum
583 1978 682 2027 autem
702 1967 789 2028 infert
807 1966 918 2044 patriae
938 1966 1045 2039 Cinna,
1061 1966 1116 2027 Cn.
1134 1966 1302 2044 Pompeius,
1320 1985 1349 2034 15

308 2064 412 2142 Magni
426 2075 516 2141 pater,
533 2064 616 2124 cuius
631 2067 780 2141 praeclara
794 2084 884 2141 opera
898 2065 978 2124 bello
998 2063 1128 2124 Marsico
1147 2063 1305 2141 praecipue

307 2161 385 2222 circa
395 2161 540 2221 Picenum
551 2181 662 2238 agrum,
674 2171 707 2220 ut
721 2160 971 2242 praescripsimus,
983 2181 1037 2220 usa
1048 2171 1109 2220 erat
1119 2181 1165 2221 res
1176 2161 1303 2238 publica,

307 2259 418 2338 quique
433 2260 577 2319 Asculum
595 2270 721 2335 ceperat,
737 2258 814 2318 eirca
833 2278 923 2335 quarn
942 2259 1056 2331 urbem,
1072 2279 1141 2319 cum
1158 2259 1189 2318 in
1207 2258 1305 2318 multis

306 2357 371 2417 aliis
385 2355 555 2434 regionibus
570 2355 713 2416 exercitus
728 2355 852 2432 dispersi
869 2357 974 2428 forent,
990 2373 1075 2414 cxxv
1095 2357 1177 2414 mr'lr'a
1194 2355 1305 2416 ciuium

279 2484 290 2518 r
308 2457 523 2526 Romanorum,
545 2452 672 2529 amplius
698 2470 739 2511 Lx
761 2451 932 2512 Italicorum
954 2472 1015 2511 una
1035 2451 1084 2512 die
1105 2452 1305 2525 conflixerant,
1322 2465 1352 2499 20

307 2555 460 2612 frustratus
475 2571 527 2628 spe
541 2550 737 2611 continuandi
747 2552 918 2611 consulatus
932 2549 972 2609 ita
984 2569 1016 2610 se
1027 2548 1152 2610 dubium
1163 2550 1307 2610 medium-

307 2672 367 2730 que
381 2649 513 2727 partibus
527 2648 678 2726 praestitit,
695 2660 727 2708 ut
742 2647 843 2708 omnia
857 2668 892 2708 ex
906 2646 1025 2724 proprio
1045 2667 1100 2707 usu
1119 2659 1218 2724 ageret
1236 2658 1308 2708 tern-

307 2749 490 2826 poribusque
507 2746 639 2807 insidiari
654 2746 811 2819 uideretur,
827 2758 857 2806 et
873 2747 933 2804 huc
947 2755 1036 2822 atque
1051 2744 1129 2818 illuc,
1145 2747 1226 2806 unde
1240 2765 1307 2822 spes

308 2845 402 2906 maior
423 2843 591 2904 adfulsisset
612 2843 771 2921 potentiae,
787 2863 860 2904 sese
884 2841 1105 2918 exercitumque
1129 2844 1305 2903 deflecteret.

281 2946 362 3028 3sed
383 2945 422 3003 ad
443 2941 581 3001 ultimum
601 2961 709 3019 magno
728 2941 880 3018 atrocique
899 2938 1012 3017 proelio
1033 2959 1103 2999 cum
1121 2939 1219 3000 Cinna
1240 2960 1308 3000 con·
1324 2955 1351 3002 ²5

473 3101 494 3128 m
1016 3121 1064 3130 .—

342 3154 358 3200 5
375 3139 479 3186 homine
504 3153 605 3199 mquam
623 3136 649 3183 A
670 3139 679 3200 (
700 3139 723 3202 ¹)
821 3136 936 3198 6prinro
953 3134 994 3185 P:
1016 3136 1072 3198 pria
1089 3135 1132 3187 A:
1145 3136 1207 3199 sort.
1226 3138 1309 3199 pretio

835 3232 874 3260 coll

311 3269 499 3334 qlargionisA
571 3285 601 3319 ro
617 3261 707 3318 RF
780 3283 807 3316 11
825 3268 1031 3330 dastripseratA
1044 3267 1098 3332 (sict
1176 3285 1206 3318 12
1223 3277 1309 3318 aucto·

310 3337 386 3385 ritate
410 3337 491 3398 gratia
514 3336 586 3384 cuius
608 3336 743 3396 augendae
761 3332 892 3399 (augenda
909 3334 948 3398 A)
970 3335 998 3384 C.
1018 3335 1126 3383 Marium
1144 3335 1212 3384 AP:
1237 3337 1310 3384 cuius

310 3404 444 3464 augendae
465 3402 547 3463 gratia
566 3401 675 3464 Madur'g
694 3405 717 3448 et
735 3400 763 3448 G.
779 3400 814 3450 A.
834 3401 920 3449 Koch:
947 3401 1019 3448 cuius
1044 3402 1178 3461 augendae
1202 3403 1310 3449 causales

307 3467 557 3530 genitiuossaa'ebant
567 3466 692 3515 Ruhnken
707 3471 730 3512 et
745 3466 819 3514 Κηϊα
918 3481 947 3525 17
964 3467 1156 3528 prestripsimus
1171 3466 1216 3515 A:
1236 3483 1310 3528 prae·

311 3533 421 3580 diximus
435 3532 577 3580 Ruhnken:
594 3547 671 3594 supra
687 3531 836 3592 scripsimus
847 3531 939 3580 Fn'ebael
1001 3539 1105 3594 tren-p.
1116 3548 1167 3581 res.
1179 3548 1203 3594 p.
1215 3532 1242 3579 A
1256 3535 1266 3592 (
1286 3533 1310 3596 ¹)

313 3629 343 3677 19
359 3628 430 3661 cxxv
442 3614 528 3677 scn'pn'
535 3631 541 3662 :
565 3615 676 3675 quinque
689 3619 715 3661 et
726 3628 785 3663 cxx.
798 3612 823 3659 A
836 3630 843 3662 r
866 3613 978 3690 quirum-e
990 3619 1016 3662 et
1027 3605 1086 3662 [ri-x.
1103 3613 1129 3661 P
1241 3615 1311 3663 milia

311 3713 362 3747 om.
374 3695 428 3743 AP
524 3713 556 3744 ao
574 3693 768 3746 rumix?
858 3709 888 3742 21
907 3695 1139 3745 COS.sultaseA
1234 3713 1266 3744 aa
1284 3704 1311 3745 ut

312 3778 360 3809 om.
373 3760 399 3807 A
412 3777 418 3808 r
430 3761 493 3822 fon.
506 3762 592 3809 omnia
609 3768 637 3809 ut
735 3776 766 3822 24
783 3761 906 3809 adfuisset
916 3760 976 3824 ΑΡ,
994 3777 1043 3810 em.
1059 3761 1145 3809 Aldus
1221 3769 1311 3825 poten·

312 3828 363 3875 tiae
374 3842 432 3876 sese
443 3827 543 3875 Halm:
559 3826 674 3888 potentia
686 3841 743 3878 esse
755 3826 781 3873 A
793 3845 800 3876 ι
816 3827 945 3889 potentiae
958 3843 986 3876 se
997 3825 1024 3873 P

797 3940 829 4000 38
