3010 4520
557 448 883 507 PROLEGOMENA

221 620 292 678 Non
320 615 400 678 enim
427 629 539 678 temere
567 618 672 678 uideor
699 629 869 677 autumasse
898 617 1129 677 Amerbachiani
1152 637 1221 694 apo

219 725 322 801 graphi
337 745 403 784 earn
418 724 548 802 speciem
564 745 628 784 esse
643 736 675 784 ut
690 724 721 784 in
736 744 844 801 magna
863 744 960 784 rerum
980 735 1075 801 strage
1096 724 1221 803 supersit
1313 795 1314 800 ἵ

219 842 319 890 tamen
348 833 429 891 unde
458 831 555 890 Vellei
585 831 729 891 dissoluta
753 833 861 891 domus
890 842 1029 908 resurgat.
1084 831 1221 891 Bentleio

217 948 296 997 certe
305 937 355 997 uix
365 937 434 997 licet
444 937 624 1014 adstipulari,
637 937 689 1014 qui
699 957 780 997 anno
793 956 868 1014 1713
880 937 1020 1010 scribens,
1032 940 1219 997 Paterculum

217 1062 286 1102 curn
305 1044 468 1120 Hesychio,
489 1055 648 1120 utrumque
670 1065 705 1104 ex
726 1063 788 1103 uno
809 1043 914 1103 codice
933 1045 1125 1120 pendentem,
1140 1063 1221 1103 com·

216 1150 346 1226 parabat,
375 1150 565 1227 docebatque
600 1160 644 1209 tot
675 1149 706 1208 in
734 1161 860 1226 utroque
888 1148 964 1208 libro
992 1148 1119 1208 inueniri
1147 1149 1220 1208 uitia

216 1255 386 1328 scribarum,
403 1256 443 1316 ita
460 1256 524 1316 siue
543 1255 676 1316 remedio
693 1276 758 1315 esse
773 1255 1009 1332 deprauationes,
1026 1266 1066 1328 ut,
1083 1276 1152 1315 cum
1167 1275 1220 1332 per

215 1362 361 1421 ducentos
375 1382 471 1423 annos
485 1361 541 1421 uiri
553 1361 719 1422 doctissimi
729 1373 819 1438 atque
834 1361 1014 1437 sagacissimi
1029 1361 1116 1421 crisin
1131 1361 1162 1420 in
1177 1360 1220 1421 eis

215 1465 422 1539 exercuissent,
445 1478 544 1526 essent
572 1478 672 1527 tamen
702 1467 791 1526 etiam
816 1479 880 1526 tum
905 1486 1036 1526 errorum
1065 1466 1219 1544 congeries

215 1574 340 1632 confusa
356 1571 586 1649 uiderenturque
600 1573 711 1633 futuri¹.
759 1576 800 1632 At
814 1593 885 1633 uero
900 1571 1061 1649 plurimum
1075 1573 1107 1630 in
1121 1575 1219 1632 Pater-

215 1679 283 1736 culo
314 1677 497 1737 restituendo
528 1689 557 1737 et
583 1688 653 1738 ante
681 1677 872 1737 Amerbachii
900 1688 1052 1754 receptum
1081 1677 1217 1738 codicem

215 1781 423 1858 Wopkensius,
439 1782 570 1859 aequalis
585 1783 709 1855 Bentlei‚
723 1794 752 1842 et
767 1783 966 1843 Ruhnkenius
976 1785 1173 1860 profecerunt,
1188 1795 1219 1844 et

215 1899 335 1964 recepto
349 1887 408 1948 iam
430 1889 535 1949 codice
557 1889 693 1964 Orellius,
718 1889 856 1962 Kritzius‚
876 1889 1044 1963 Maduicus‚
1066 1869 1215 1950 Halmius,

215 1995 281 2053 Nec
308 2005 409 2054 tamen
437 1994 554 2067 infitior,
580 1994 612 2055 id
639 1996 722 2071 quod
750 2015 786 2054 ex
814 1995 961 2072 congestis
989 1995 1020 2055 in
1048 1997 1094 2056 ed.
1123 1997 1213 2057 Kritz.
1305 2071 1309 2084 Ι

210 2099 473 2160 emendationibus
492 2099 637 2160 Paterculi
652 2100 740 2160 nimis
755 2111 799 2160 est
813 2100 844 2160 in
855 2104 1021 2178 propatulo
1037 2122 1098 2162 non
1120 2123 1216 2180 pauca

210 2225 366 2282 superesse
381 2226 458 2283 quae
477 2218 509 2266 ut
530 2227 592 2267 non
604 2206 662 2267 sint
676 2206 859 2280 insanabilia,
876 2219 979 2268 sanata
993 2219 1071 2269 certe
1092 2229 1111 2268 a
1132 2211 1215 2270 nullo

114 2321 118 2332 '
211 2313 357 2373 hactenus
377 2313 493 2373 fuerint.
538 2316 609 2373 Hoc
624 2324 668 2372 est
682 2333 734 2372 cur
749 2317 816 2373 Am.
832 2316 1026 2392 apographon
1041 2313 1095 2395 (A)
1113 2317 1214 2376 denuo

209 2417 422 2479 excutiendum
438 2419 625 2496 susceperim,
647 2419 807 2497 omniaque
822 2420 893 2481 inde
907 2421 1052 2481 enotarim
1066 2442 1143 2498 quae
1158 2443 1214 2500 ego

212 2535 242 2583 et
265 2536 335 2584 ante
360 2545 408 2585 me
433 2528 593 2587 Fechterus
618 2525 657 2585 ab
680 2525 792 2586 Orellio
813 2526 1019 2602 praetermissa
1039 2529 1087 2586 uel
1109 2527 1214 2588 iniuria

212 2631 413 2691 Amerbachio
427 2632 576 2692 adtributa
590 2631 826 2710 intellexerimus.

244 2786 252 2814 ¹
271 2787 396 2835 Remarks
411 2803 480 2849 upon
497 2803 512 2835 a
528 2787 579 2835 late
596 2788 727 2836 discourse
744 2788 774 2835 os
787 2788 990 2850 Freethinking,
1007 2787 1104 2836 section
1119 2804 1150 2848 32
1166 2792 1212 2838 ‘ln

211 2869 318 2928 profane
328 2869 436 2917 authors
454 2872 494 2930 (as
509 2870 572 2930 they
588 2885 634 2917 are
651 2870 753 2931 called),
772 2869 891 2917 whereol
905 2885 955 2918 one
974 2873 1132 2932 manuscript
1150 2874 1213 2934 only

211 2945 261 2994 had
281 2946 325 2994 the
344 2947 402 2994 luck
423 2954 449 2994 to
472 2948 505 2995 be
527 2948 676 3009 preserved,
699 2963 728 2995 as
749 2947 864 2996 Velleius
887 2946 1037 2994 Paterculus
1056 2963 1149 3009 among
1167 2951 1212 2998 the

213 3023 309 3083 latins,
324 3026 374 3073 and
389 3025 538 3087 Hesychius
555 3042 649 3088 among
666 3027 710 3075 the
728 3026 834 3085 Greeks,
853 3025 897 3073 the
918 3025 994 3073 saults
1012 3026 1042 3073 os
1057 3027 1100 3073 the
1115 3029 1212 3078 scribes

210 3119 255 3150 are
268 3102 345 3151 found
357 3120 386 3151 so
402 3120 550 3166 numerous,
568 3107 618 3153 and
636 3106 680 3153 the
698 3104 796 3153 desects
813 3119 842 3152 so
859 3105 964 3166 beyond
981 3106 1013 3152 all
1031 3107 1140 3167 redress,
1156 3110 1211 3158 that

212 3181 444 3243 notwithstanding
466 3184 511 3231 the
534 3182 680 3232 learnedest
697 3186 747 3232 and
765 3190 862 3232 acutest
880 3185 966 3233 critics
989 3186 1029 3234 sor
1051 3192 1104 3235 two
1123 3189 1211 3238 whole

211 3264 347 3327 centurias,
362 3265 435 3314 these
446 3265 528 3314 books
539 3282 583 3314 are
595 3266 655 3328 still,
668 3267 717 3315 and
734 3281 776 3314 are
790 3266 841 3314 like
854 3274 880 3315 to
893 3267 1021 3330 continue,
1035 3285 1050 3316 a
1062 3284 1131 3319 mere
1143 3272 1210 3333 heap

211 3343 241 3391 os
249 3343 348 3392 errors.’
