3024 4568
418 437 465 495 IN
486 436 706 494 VELLEIVM
729 436 1017 497 PATERCVLVM

221 615 243 653 s.
257 595 272 653 i.
285 615 311 670 q.
324 617 351 656 a.
363 597 379 655 i.
393 617 418 655 u.
430 617 455 655 e.
467 618 494 671 q.
506 618 532 656 a.
546 601 641 671 o.t'.p.
655 618 756 658 e.a.u.
769 602 796 656 h.
810 619 837 657 n.
849 601 865 658 i.
879 619 906 672 p.
952 603 985 655 In
1008 602 1104 656 urbem
1125 618 1218 656 reuer-

220 703 267 741 sus
279 689 352 742 κ.τ.λ.
600 724 639 766 sub

255 789 333 827 1222
353 784 380 828 et
399 785 462 845 post
487 775 594 830 cladem
609 772 633 849 fi
650 777 727 830 Varo
752 786 896 846 acceptam
919 776 1004 832 totius
1033 775 1218 846 prosperrimo

219 877 311 915 rerum
324 873 425 917 euentu
444 863 544 917 eadem
557 863 648 919 excisa
667 864 819 920 Germania
836 865 1008 935 triumphum
1027 864 1128 919 summi
1140 864 1218 918 ducis

218 948 350 1003 adornari
362 951 495 1008 debuerit.
509 952 547 1008 A.

255 1038 307 1090 sub
320 1039 354 1094 P.
415 1056 500 1108 ocyus
513 1042 547 1107 P,
559 1041 610 1093 sed
618 1043 715 1095 Burer
726 1042 876 1096 adnotauit
888 1042 944 1096 ἐκ.
955 1051 1008 1096 uet.
1019 1040 1104 1095 habet
1116 1039 1219 1095 totius.¹

219 1122 360 1194 triumphu
385 1126 428 1180 P:
460 1127 616 1196 triumphus
640 1129 787 1184 Heinsius.
835 1130 972 1182 adornare
996 1129 1031 1195 P,
1056 1129 1106 1180 sed
1123 1128 1221 1181 Burer

219 1211 369 1265 adnotauit
380 1213 438 1268 ‘erc
453 1232 495 1269 ue.
508 1215 594 1270 habet
606 1216 736 1270 adornari
750 1215 874 1270 debuerit
888 1216 947 1271 dic!

255 1299 341 1351 totr'us
366 1299 521 1355 Perizonius
545 1303 619 1372 apud
646 1302 743 1358 Heius.
774 1301 801 1355 in
825 1304 906 1356 toties
929 1301 1054 1366 correxit,
1077 1301 1162 1372 quod,
1189 1312 1218 1355 ut

219 1381 324 1451 optime
345 1386 530 1455 excogitatum
552 1398 602 1455 est,
622 1387 659 1442 ita
677 1406 728 1458 per
749 1398 911 1460 sequentem
934 1388 1135 1459 superlatiuunt
1151 1393 1219 1458 pro-

218 1472 355 1538 sperrimo
373 1489 430 1526 non
449 1476 567 1528 multum
582 1475 744 1530 infirmatur.
783 1477 960 1529 Burmannus
976 1481 1040 1529 uoto
1052 1478 1136 1542 ocius,
1151 1476 1219 1529 Hal·

220 1555 458 1627 miusgexspectnto
469 1563 553 1626 ocius,
567 1561 695 1631 praetulit
707 1580 714 1630 ;
738 1561 819 1616 nimis
829 1563 882 1616 hoc
894 1561 998 1632 prolixe
1011 1572 1038 1616 et
1051 1561 1219 1616 sententiam

219 1643 281 1710 plus
299 1661 390 1715 aequo
408 1665 539 1716 grauans.
575 1650 707 1704 Fortasse
726 1659 756 1704 ut
774 1649 820 1704 alii
838 1651 911 1704 dicto
929 1653 1020 1714 citius,
1039 1650 1078 1703 sic
1096 1648 1219 1704 Velleius

220 1735 284 1783 uoto
294 1734 377 1786 citatis
385 1734 431 1788 hic
440 1735 596 1804 scripserat.
623 1754 690 1790 nam
702 1739 779 1791 ocius
790 1755 848 1791 non
862 1735 980 1791 occurrit
989 1737 1063 1806 apud
1074 1734 1222 1800 Velleium,

219 1819 303 1871 citius
315 1818 366 1885 bis,
379 1822 414 1875 66
426 1823 481 1890 fin„
495 1823 538 1892 85.
552 1837 575 1892 5.

255 1919 333 1973 1231
359 1909 463 1963 Caesar
482 1912 625 1979 Augustus
650 1927 714 1965 curn
733 1911 949 1967 ...Tiberium
975 1911 1060 1964 tilium
1085 1909 1220 1964 missurus

219 2002 293 2046 esset
306 1992 334 2047 in
348 1995 488 2064 Illyricum
500 1998 536 2051 ab
550 1999 697 2053 formanda
709 2016 779 2068 pace
792 2015 864 2068 quae
877 1999 949 2052 bello
962 2000 1116 2066 subegerat.
1128 1999 1156 2052 Α
1161 2038 1168 2052 .

254 2081 291 2134 ad
303 2081 338 2136 P.
409 2082 555 2138 formanda
567 2086 621 2140 BP
633 2104 638 2139 :
658 2085 796 2140 firmanda
807 2087 905 2140 Burer
914 2102 951 2139 ex
961 2088 1125 2140 coniectura.

185 2188 187 2196 ’
254 2168 387 2224 Fortasse
405 2171 581 2240 adfirmando
599 2174 658 2228 h.e.
677 2182 707 2226 ut
725 2173 886 2227 adfirmaret
899 2189 977 2243 pace.
995 2171 1054 2227 Liu.
1067 2170 1136 2226 torvi.
1150 2184 1218 2238 247

218 2253 285 2308 haec
304 2256 381 2310 dicta
396 2261 591 2328 promissaque
608 2279 626 2312 a
644 2261 771 2313 Romano
787 2262 954 2329 imperatore
972 2261 1076 2330 Scopas
1092 2259 1144 2327 qui
1159 2265 1220 2312 tum

216 2346 333 2412 praetor
340 2348 435 2416 gentis
446 2353 509 2399 erat
524 2354 551 2400 et
566 2347 755 2402 Dorimachus
761 2350 896 2418 princeps
906 2349 1072 2401 Aetolomm
1084 2347 1219 2416 adsimu-

218 2438 321 2484 uerant
332 2436 498 2487 auctoritate
509 2452 569 2489 sua.

254 2534 333 2587 1241
355 2519 383 2572 in
404 2537 489 2590 quam
508 2530 570 2575 arto
594 2520 690 2576 salutis
714 2520 738 2574 si
758 2520 833 2591 (del.)
853 2519 982 2590 exitiique
1002 2518 1133 2574 fuerimus
1153 2536 1219 2573 con·

218 2603 343 2660 finio.A.

255 2691 362 2744 Erasae
375 2692 482 2747 litterae
495 2703 559 2762 post
571 2694 681 2760 salutis,
692 2710 764 2763 quae
780 2711 805 2746 si
817 2711 854 2746 an
864 2693 895 2762 fl
905 2691 1005 2746 suerint
1020 2691 1136 2758 haesito,
1151 2691 1173 2746 si
1186 2710 1220 2746 ex

221 2777 400 2832 Murbacensi
409 2797 457 2833 eas
467 2779 506 2833 sic
514 2779 732 2850 repraesentauit
740 2778 952 2844 Amerbachius,
963 2777 1092 2848 reliquiae
1102 2790 1219 2848 possunt

219 2880 281 2917 esse
303 2865 430 2919 uocabuli
444 2867 539 2920 simul.
577 2867 619 2920 Cf.
634 2884 707 2937 quae
725 2865 781 2920 dixi
799 2867 836 2921 ad
858 2881 917 2921 111.
934 2881 951 2932 4
969 2866 1058 2920 simul
1076 2867 1219 2922 utilitatis.

220 2951 285 3005 Sall.
298 2951 330 3006 fr.
345 2951 417 3007 Hist.
432 2951 447 3006 i
460 2954 494 3020 98
507 2955 596 3008 nimio
607 2954 732 3007 simulet
743 2956 848 3007 incerto
864 2970 953 3008 onere.

255 3053 335 3106 1254
353 3055 408 3108 quo
433 3039 545 3109 quidem
565 3050 690 3110 tempore
710 3051 738 3096 ut
763 3042 895 3111 pleraque
915 3039 1016 3109 ignaue
1036 3039 1219 3095 Germanicus

219 3125 258 3180 ita
271 3128 374 3180 Brutus
387 3128 434 3198 qui
446 3146 464 3182 a
476 3139 555 3198 patre
573 3128 601 3183 in
614 3128 642 3182 id
655 3129 746 3199 ipsum
760 3129 878 3199 plurimo
891 3127 1003 3199 quidem
1021 3127 1084 3196 igne
1096 3126 1219 3182 emicans

220 3211 377 3267 incendium
405 3214 529 3270 militaris
554 3217 688 3270 tumultus
712 3215 813 3270 missus
843 3226 903 3270 erat
928 3215 1021 3284 prisca
1050 3214 1219 3284 antiquaque

219 3299 366 3354 seueritate
386 3318 451 3355 usus
472 3300 603 3371 ancipitia
622 3301 674 3356 sibi
699 3302 796 3356 timere
818 3319 901 3372 quam
922 3302 1049 3370 exemplo
1069 3299 1219 3370 pernitiosa

217 3396 245 3440 et
271 3385 314 3440 his
339 3385 406 3457 ipsis
430 3387 548 3442 militum
573 3387 673 3457 gladiis
698 3388 799 3459 quibus
823 3390 954 3443 obsessus
978 3398 1038 3442 erat
1065 3386 1219 3442 obsidentis

218 3475 346 3529 coercuit.
362 3475 400 3529 A.
751 3462 754 3468 ¹

254 3562 353 3630 ignaue
365 3564 501 3615 etrumP:
521 3579 612 3631 gnaue
622 3562 790 3618 Salmasius.
834 3565 937 3616 Brutus
947 3564 1031 3615 etiam
1044 3563 1087 3616 P:
1108 3563 1218 3616 Drusus

220 3649 359 3704 Gelenius.
430 3649 542 3719 quidem
567 3653 651 3704 etrum
673 3652 717 3705 P:
748 3649 855 3721 pridem
873 3652 914 3706 ed.
931 3651 1045 3720 Brpont.
1120 3648 1219 3704 timere

216 3739 301 3790 etiam
313 3737 422 3790 Burer:
441 3747 499 3791 tam
512 3754 542 3790 re
553 3738 588 3792 P.

255 3823 484 3894 Corruptissimus
495 3825 572 3881 locus
583 3835 611 3881 et
620 3842 710 3896 paene
720 3828 910 3880 conclamatus
920 3843 926 3894 ;
944 3843 1114 3895 quamquam
1124 3824 1218 3880 multis

697 3927 741 3990 189
