2996 4520
603 432 732 492 LIBER
754 434 787 493 II

199 591 306 653 dimitti
328 593 470 655 exercitus
481 617 489 669 ;
518 595 629 674 quippe
650 597 810 675 Pompeius
831 597 861 658 in
884 600 1016 659 secundo
1037 600 1192 660 consulatu

200 689 360 768 Hispanias
374 692 430 752 sibi
444 693 563 753 decerni
578 697 710 754 uoluerat
725 715 835 772 easque
848 715 900 772 per
914 695 1072 755 triennium
1085 696 1193 756 absens

198 787 262 865 ipse
281 809 316 848 ac
336 791 507 866 praesidens
528 792 593 852 urbi
616 812 668 869 per
690 793 844 853 Afranium
866 805 895 853 et
916 793 1073 866 Petreium,
1089 814 1194 854 consu-

197 887 287 944 larem
308 907 344 946 ac
363 888 550 964 praetorium,
566 892 677 966 legatos
699 910 776 962 suos,
792 889 1016 950 administrabat
1034 901 1064 950 et
1082 889 1125 964 iis,
1142 890 1193 967 qui

170 1003 183 1052 5
197 1001 215 1041 a
229 983 355 1044 Caesare
370 983 563 1046 dimittendos
578 987 720 1046 exereitus
736 988 966 1060 contendebant,
976 989 1191 1059 adsentubatnr,

196 1077 240 1151 iis,
253 1079 304 1156 qui
317 1081 356 1140 ab
370 1080 436 1158 ipso
450 1102 579 1160 quoque,
591 1084 808 1144 aduersabatur.
846 1084 897 1162 qui
911 1083 936 1143 si
949 1096 1018 1144 ante
1029 1085 1191 1158 biennium,
1209 1111 1221 1145 2

197 1195 286 1252 quam
313 1179 353 1237 ad
376 1198 458 1238 mma
484 1179 559 1239 itum
585 1192 638 1254 est,
667 1181 804 1258 perfectis
832 1181 1003 1242 muneribus
1031 1182 1137 1242 theatri
1164 1195 1194 1243 et

196 1273 320 1334 aliorum
336 1295 467 1352 operum,
483 1298 560 1355 quae
574 1278 601 1338 ei
620 1279 823 1353 circumdedit,
839 1280 1011 1356 grauissima
1032 1290 1192 1358 temptatus

202 1371 373 1432 ualetudine
393 1375 569 1435 decessisset
591 1375 797 1453 inCampania
818 1376 891 1457 (quo
914 1377 1036 1454 quidem
1058 1387 1192 1454 tempore

152 1485 184 1520 10
196 1467 334 1528 uniuersa
349 1471 435 1530 ltalia
453 1484 524 1532 uota
544 1493 598 1550 pro
620 1476 713 1534 salute
734 1474 796 1535 eius
817 1475 912 1552 primi
925 1475 1060 1535 omnium
1081 1475 1192 1536 ciuium

196 1565 347 1646 suscepit),
368 1569 509 1630 defuisset
527 1573 662 1632 fortunae
680 1573 852 1633 destruendi
871 1573 934 1633 eius
948 1576 1031 1633 loeus
1048 1585 1085 1647 et,
1102 1593 1192 1650 quam

196 1667 277 1739 apud
300 1686 421 1744 superos
443 1669 586 1729 habuerat
608 1670 851 1747 magnitudinem,
867 1671 1020 1731 inlibatam
1040 1671 1193 1732 detulisset

196 1765 236 1822 ad
263 1762 379 1824 inferos.
423 1765 502 1825 bello
529 1777 629 1826 autem
657 1767 737 1828 ciuili
764 1780 794 1828 et
821 1780 873 1842 tot,
903 1789 979 1846 quae
1007 1769 1116 1830 deinde
1140 1789 1221 1846 per3
1278 1786 1280 1792 ’

197 1861 354 1922 continuos
365 1880 411 1921 xx
421 1883 516 1923 annos
527 1875 687 1925 consecuta
701 1876 777 1938 sunt,
788 1865 872 1925 malis
887 1885 948 1925 non
962 1865 1035 1926 alius
1051 1866 1192 1926 maiorem

154 1981 183 2032 15
196 1961 472 2039 flagrantioremque
486 1981 575 2038 quam
591 1963 624 2023 C.
639 1961 729 2024 Curio
744 1963 879 2022 tribunus
892 1966 931 2040 pl.
948 1962 1073 2022 subiecit
1086 1965 1190 2037 facem,

196 2059 240 2119 uir
254 2059 371 2131 nobilis,
387 2060 539 2135 eloquens
554 2060 658 2132 audax,
675 2079 745 2119 suae
764 2059 936 2137 alienaeque
958 2071 988 2119 et
1009 2062 1144 2120 fortunae
1163 2072 1193 2120 et

195 2155 355 2233 pudicitiae
369 2155 518 2233 prodigus
534 2157 626 2216 homo
643 2155 877 2232 ingeniosissime
896 2177 1025 2234 nequam
1045 2168 1074 2216 et
1092 2159 1192 2216 facun-

195 2257 252 2316 dus
266 2257 345 2314 malo
359 2253 489 2331 publico
505 2253 589 2314 cuius
603 2252 703 2313 animo
716 2251 930 2334 [uoluptatibus
942 2256 990 2313 uel
1003 2251 1190 2334 libidinibus]
1205 2275 1221 2322 4

196 2371 293 2429 neque
310 2370 383 2428 opes
403 2353 480 2410 ullae
499 2370 598 2427 neque
620 2350 797 2427 cupiditates
816 2352 948 2410 sufficere
970 2362 1099 2426 possent.
1142 2349 1191 2409 hic

152 2471 183 2506 πο
195 2449 291 2527 primo
313 2469 367 2526 pro
387 2449 512 2526 Pompei
532 2448 672 2526 partibus,
688 2449 720 2508 id
736 2461 789 2522 est,
805 2461 837 2508 ut
858 2461 930 2509 tunc
950 2450 1122 2522 habebatur,
1138 2468 1192 2525 pro

195 2545 368 2629 republica,
384 2566 454 2632 mox
467 2545 655 2606 simulatione
669 2557 772 2605 contra
786 2545 962 2622 Pompeium
977 2557 1007 2605 et
1024 2546 1190 2617 Caesarem,

196 2647 249 2705 sed
263 2644 364 2704 animo
378 2663 432 2720 pro
447 2643 573 2704 Caesare
592 2642 679 2702 stetit.
722 2642 753 2702 id
767 2642 854 2719 gratis
869 2661 907 2702 an
921 2653 1045 2718 accepto
1059 2641 1192 2702 centiens

196 2741 329 2802 sestertio
352 2739 461 2812 fecerit,
477 2751 510 2798 ut
531 2739 709 2816 accepimus,
726 2739 756 2799 in
779 2738 879 2798 medio
901 2739 1109 2815 relinquemus.
1153 2739 1219 2808 ad5

197 2839 334 2900 ultimum
359 2835 564 2897 saluberrimas
588 2842 645 2900 tet
667 2834 860 2896 coalescentis
884 2834 1076 2895 condiciones
1101 2833 1191 2911 pacis,

230 3013 245 3044 2
263 2997 288 3044 in
307 2995 350 3045 del.
369 3001 425 3044 ante
442 2993 619 3056 HispaniasA
725 3011 741 3054 3
758 2993 911 3042 Afrannium
922 2992 962 3041 P:
982 2992 1138 3040 Africanium
1151 2992 1191 3040 B:

197 3063 345 3111 Africanum
357 3060 383 3107 A
494 3075 510 3120 5
527 3060 710 3109 adsentabatur
720 3059 758 3109 P:
776 3075 824 3106 om.
838 3059 863 3104 A
902 3059 981 3106 ‘Puto
994 3059 1133 3121 suppletum
1144 3073 1192 3104 esse

198 3145 214 3175 a
225 3129 361 3176 Rhenuno’
376 3126 468 3174 Orelli:
494 3127 680 3175 assentiebatur
694 3124 846 3172 Vascosauns
861 3129 884 3171 et
897 3124 1000 3186 'Lipsius
1097 3125 1114 3169 6
1129 3121 1152 3170 -is
1164 3120 1189 3167 A

198 3194 229 3242 ab
240 3194 295 3255 ipso
307 3207 408 3253 quoque
420 3191 470 3238 BA
484 3208 489 3238 :
507 3191 671 3240 dimittendos
683 3191 715 3238 ab
726 3190 833 3252 ipsoque
844 3189 870 3236 P
957 3205 971 3250 7
988 3189 1099 3237 metibus
1110 3189 1193 3250 legisse

198 3257 384 3306 Bernardinum
393 3257 520 3304 Rutilium
535 3257 574 3304 ‘in
585 3273 631 3304 suo
642 3255 727 3303 codioe'
736 3261 837 3302 testulus
847 3260 882 3302 esf
893 3254 997 3302 Vrsinus
1008 3255 1033 3302 F
1031 3269 1110 3316 rugm.
1123 3253 1192 3302 Hr'st.

194 3332 221 3387 p.
235 3337 292 3384 415,
312 3323 376 3370 unde
392 3323 441 3384 ipse
457 3321 493 3369 ad
509 3337 562 3382 130.
579 3336 590 3368 1
609 3322 703 3369 cunien'l
718 3321 859 3369 moenibus.
895 3320 948 3368 Sed
964 3326 987 3368 ef
999 3320 1047 3367 illic
1062 3319 1194 3378 usurpauit

202 3388 345 3438 V.munera
358 3388 465 3449 Pompei
554 3385 737 3435 8tentatusP
834 3401 864 3433 10
881 3387 962 3447 primo
973 3384 1031 3447 ΑΡ,
1045 3400 1091 3431 em.
1108 3382 1192 3431 Vasco·

198 3469 285 3514 sunus,
296 3458 319 3500 el
329 3455 363 3500 sic
372 3452 517 3500 Perizonius
527 3452 667 3502 Animadu.
681 3452 748 3498 Hr'st.
757 3459 784 3514 p.
797 3453 846 3512 346
931 3466 957 3498 11
975 3451 1032 3498 eius
1043 3449 1192 3497 destruendi

198 3534 369 3598 eiusAlsic)
457 3533 601 3596 raaputA
695 3550 725 3594 14
742 3526 930 3582 xxAziiffl
1022 3545 1051 3591 15
1069 3531 1124 3578 TR·
1141 3531 1192 3578 PL·

197 3600 223 3647 A
294 3603 325 3648 16
341 3599 392 3665 uir]
405 3600 481 3648 vnA
492 3601 564 3663 pn'us
631 3600 660 3646 18
678 3600 747 3647 cuius
762 3599 889 3647 Gelenius:
906 3596 1046 3645 huiusAP
1093 3598 1189 3657 uolupt.

199 3666 240 3713 uel
250 3666 318 3714 libid.
328 3668 413 3729 glossa
423 3666 520 3713 uidetur
528 3681 585 3726 esse,
595 3665 713 3726 nisisorie
720 3664 804 3712 excidit
811 3664 968 3726 pam'npium
978 3663 1069 3711 obruto
1079 3665 1118 3710 uel
1125 3661 1196 3709 aliud

197 3731 325 3793 eiusmodi,
335 3732 363 3792 εί
374 3731 462 3780 Novak
468 3739 494 3794 p.
504 3733 537 3778 66
599 3746 630 3777 aa
648 3731 758 3778 Caesare
766 3731 858 3778 restitit
865 3727 924 3789 AP,
929 3729 1063 3791 geminatis
1074 3729 1156 3775 litteris
1165 3743 1193 3775 re

199 3811 230 3856 23
246 3798 392 3846 sexcenties
404 3797 504 3859 Lipnns
514 3813 544 3843 ex
553 3795 618 3859 App.
633 3796 664 3842 B.
675 3795 700 3844 C.
710 3796 733 3843 ii.
743 3798 782 3854 26,
797 3796 853 3843 Val.
861 3796 931 3843 Max.
944 3795 977 3842 ira
990 3795 1051 3844 1.6:
1069 3792 1193 3841 sextertio

198 3861 244 3910 Ar
262 3861 363 3910 S-HP
457 3878 489 3924 24
506 3868 533 3910 et
543 3861 587 3911 del.
602 3860 729 3910 Gelenius:
739 3860 847 3921 sortasse
858 3861 934 3908 etiam
945 3860 970 3909 h.
982 3875 1000 3909 ι.
1013 3859 1150 3907 etiamnum
1187 3879 1190 3884 ·

685 3939 716 4002 ⁶7
1036 3927 1070 3984 5*
