3010 4520
491 1271 935 1352 PROLEGOMENA

255 1524 350 1584 Vellei
370 1525 515 1584 Paterculi
534 1524 645 1602 primus
663 1525 846 1585 mentionem
863 1524 933 1585 fecit
952 1523 1118 1583 Priscianus
1138 1526 1210 1583 Inst.

216 1631 346 1689 Gramm.
370 1629 407 1689 vi.
432 1634 469 1706 63
494 1629 523 1709 (i.
554 1650 581 1707 p.
607 1633 663 1704 248
693 1629 798 1710 Hertz)
827 1633 873 1690 M.
898 1632 1016 1690 Velleius
1042 1631 1213 1689 paterculus

214 1736 288 1794 libro
308 1738 346 1795 I:
381 1756 429 1795 nec
455 1737 551 1796 minus
579 1739 676 1796 clarus
707 1757 740 1794 ea
771 1744 930 1812 tempestate
956 1737 1107 1796 Miltiadis
1125 1737 1213 1812 filius

219 1842 328 1900 Cimon.
374 1844 418 1900 Ex
439 1843 498 1901 hoc
519 1861 579 1901 uno
604 1843 777 1918 fragmento,
800 1843 883 1918 quod
907 1841 938 1901 in
963 1840 1068 1901 codice
1094 1841 1214 1899 Murba-

215 1945 296 2005 censi
310 1966 371 2006 non
387 1957 456 2019 erat,
472 1945 568 2012 Vellei
582 1966 763 2023 praenomen
779 1946 974 2024 cognoscitur.

255 2053 369 2112 Rursus
390 2050 495 2110 citatus
517 2062 561 2111 est
581 2072 600 2111 a
620 2050 779 2111 scholiasta
800 2051 914 2111 Lucani
928 2051 963 2110 ix.
984 2054 1039 2127 178
1060 2054 1119 2111 Ter
1137 2052 1212 2110 enim

214 2163 324 2215 canstat
341 2157 532 2234 triumphasse
550 2157 727 2233 Pompeium,
741 2164 781 2246 ut
797 2158 970 2216 Paterculus
988 2158 1058 2216 dreit
1074 2158 1214 2216 sert'bens:

214 2262 301 2320 leuius
315 2263 379 2321 uiri
381 2263 537 2338 fastigium
552 2264 643 2322 tantis
657 2264 765 2322 actibus
770 2263 897 2338 fortuna
908 2265 1021 2337 extulit,
1040 2271 1075 2322 ut
1078 2265 1212 2340 primum

215 2387 251 2425 ex
264 2368 377 2444 Africa,
390 2370 493 2428 iterum
507 2388 544 2426 ex
556 2371 690 2446 Europa,
707 2371 824 2429 tertium
838 2390 874 2428 ex
887 2371 1039 2447 Hispania
1054 2371 1214 2445 triumplia-

214 2481 265 2548 ret,
285 2482 314 2533 et
331 2482 401 2550 quot
411 2483 515 2552 partes
536 2483 630 2534 terrae
650 2482 726 2549 sunt,
748 2477 862 2539 totidem
874 2477 988 2552 faceret
1006 2475 1054 2554 (al.
1069 2473 1214 2554 facerent)

216 2582 388 2639 monimenta
410 2582 547 2641 ui'ctertae
567 2600 643 2640 suae.
698 2584 785 2640 Haec
808 2582 947 2641 extabant
968 2581 999 2641 in
1022 2579 1213 2641 Murbacensi

215 2685 243 2746 ii.
271 2708 318 2761 40,
343 2687 395 2747 ubi
424 2687 592 2765 discrepant
616 2690 699 2760 haec,
722 2689 896 2747 auctibus..
914 2735 920 2747 .
933 2690 1073 2764 primus.
1091 2734 1097 2747 .
1115 2734 1121 2747 .
1137 2689 1214 2746 Asia

216 2792 291 2871 (non
306 2791 486 2871 Hispania):
508 2813 584 2870 quae
606 2793 707 2853 omnia
726 2792 929 2853 emendatiora
947 2793 989 2852 sic
1007 2813 1096 2868 quam
1111 2791 1142 2850 in
1158 2794 1215 2851 Lu-

216 2897 283 2958 cani
304 2898 418 2959 scholio
444 2899 550 2959 tradita
572 2911 648 2960 sunt.
695 2899 873 2959 Lectitatum
899 2910 998 2959 tamen
1023 2897 1114 2958 fuisse
1139 2917 1214 2974 opus

215 3004 312 3064 Vellei
332 3025 394 3065 non
416 3007 524 3065 desunt
545 3025 622 3082 quae
646 3017 797 3066 testentur.
849 3005 964 3066 Primus
985 3016 1130 3082 quantum
1153 3003 1215 3064 scio

217 3111 393 3188 Bemaysius
414 3112 561 3189 perspexit
582 3115 675 3172 multa
693 3123 860 3173 mutuatum
875 3134 911 3173 ex
930 3115 988 3172 hoc
1002 3111 1137 3172 Seruium
1153 3113 1215 3171 Sul-

216 3216 335 3294 picium,
359 3215 560 3278 Christianum
582 3218 785 3294 presbyterum
808 3218 884 3297 (aa.
907 3215 1076 3295 365-425):
1106 3219 1212 3277 horum

216 3343 373 3382 numerum
387 3322 466 3382 auxit
479 3322 590 3382 Elimar
602 3324 697 3383 Klebs
711 3323 742 3383 in
757 3323 904 3401 Philologi
913 3326 1023 3383 uolum.
1039 3322 1110 3382 anni
1128 3325 1213 3398 1890,

216 3451 243 3508 p.
263 3433 318 3507 285
335 3449 412 3506 sqq.,
432 3429 622 3506 ostenditque
642 3440 702 3489 tam
724 3431 892 3506 frequenter
910 3429 1006 3489 Vellei
1030 3430 1121 3489 uerba
1146 3448 1215 3488 con-

215 3536 442 3613 iunctionesque
463 3537 622 3596 uerborum
644 3535 808 3613 Sulpicium
825 3536 996 3596 adhibuisse
1013 3548 1046 3595 ut
1064 3534 1215 3598 studiosus

216 3643 279 3704 eius
307 3645 399 3703 lector
426 3653 516 3719 atque
543 3641 673 3703 imitator
700 3642 763 3703 iure
787 3642 932 3702 dicendus
961 3642 1004 3702 sit.
1059 3645 1131 3701 Post
1158 3643 1214 3700 hos

218 3748 361 3809 Manitius
391 3769 451 3809 non
480 3768 575 3825 pauca
599 3748 812 3825 Eginhardum,
835 3748 886 3825 qui
908 3749 1016 3809 Carolo
1039 3749 1151 3824 Magno
1175 3746 1215 3805 ab

689 3869 723 3902 Vll
