2996 4520
594 403 748 466 VELLEI
770 403 1011 466 PATERCVLI

304 573 446 634 festinans
461 573 492 632 in
508 573 633 647 Italiam,
649 594 688 634 ne
707 573 927 651 conspiceretur
945 594 964 633 a
980 571 1181 650 praedonibus
1201 569 1304 633 omnia

304 683 375 731 tunc
390 671 594 732 obtinentibus
609 671 701 731 maria
714 683 744 731 et
758 671 863 732 merito
878 671 936 731 iam
951 670 1065 731 infestis
1081 670 1146 744 sibi,
1162 681 1302 747 quattuor

304 772 485 829 scalmorum
497 787 606 828 nauem
620 789 680 828 una
694 788 763 828 cum
778 769 896 829 duobus
910 768 1014 829 amicis
1028 771 1194 845 decemque
1208 765 1301 828 seruis

277 889 289 921 2
304 866 451 944 ingressus
470 865 678 928 effusissimum
693 866 836 927 Adriatici
855 866 942 927 maris
961 865 1074 926 traiecit
1091 865 1196 926 sinum.
1241 884 1302 942 quo

304 963 426 1041 quidem
444 963 476 1023 in
494 983 581 1024 cursu
600 963 776 1041 conspectis
794 975 827 1024 ut
845 965 976 1041 putabat,
997 963 1155 1040 piratarum
1175 961 1301 1038 nauibus
1316 983 1331 1032 5

304 1081 373 1120 cum
387 1060 514 1122 exuisset
528 1073 642 1122 uestem
656 1061 873 1139 adligassetque
883 1061 1044 1139 pugionem
1058 1063 1097 1121 ad
1111 1063 1206 1120 lemur
1219 1062 1302 1119 alter·

304 1157 361 1217 utri
375 1178 407 1218 se
421 1161 556 1220 fortunae
569 1179 684 1236 parans,
701 1179 771 1219 mox
783 1158 927 1219 intellexit
940 1161 1109 1219 frustratum
1124 1178 1189 1218 esse
1203 1157 1301 1218 uisum

304 1275 390 1315 suum
405 1257 603 1333 arborumque
617 1277 653 1317 ex
667 1257 831 1334 longinquo
845 1256 980 1318 ordinem
997 1268 1204 1317 antemnarum
1221 1275 1301 1333 prae

274 1351 403 1420 sbuisse
423 1353 591 1431 imaginem.
634 1354 746 1432 reliqua
770 1353 833 1414 eius
857 1365 923 1414 acta
947 1353 978 1414 in
1002 1355 1084 1428 urbe,
1106 1352 1301 1414 nobilissima-

303 1469 361 1526 que
390 1451 565 1511 Dolabellae
592 1451 741 1512 accusatio
769 1463 799 1512 et
826 1451 920 1513 maior
943 1451 1070 1512 ciuitatis
1095 1451 1126 1510 in
1150 1473 1186 1512 ea
1207 1454 1298 1526 fauor,
1315 1469 1348 1505 ιο

303 1567 393 1624 quam
415 1548 471 1608 reis
494 1549 634 1626 praestari
656 1552 740 1623 solet,
762 1549 1030 1627 contentionesque
1052 1549 1154 1610 ciuiles
1175 1570 1244 1610 cum
1260 1551 1297 1625 Q.

303 1646 411 1706 Catulo
425 1658 515 1723 atquc
528 1646 592 1706 aliis
607 1646 847 1708 eminentissimis
861 1646 931 1707 uiris
951 1647 1166 1721 celeberrimae,
1183 1658 1212 1708 et
1230 1658 1299 1708 ante

302 1754 468 1819 praeturam
483 1743 579 1804 uictus
588 1746 620 1803 in
631 1744 751 1804 maximi
761 1745 951 1822 pontificatus
962 1744 1105 1822 petitione
1117 1746 1154 1820 Q.
1166 1746 1298 1818 Catulus,

273 1839 437 1912 4omnium
452 1841 639 1903 confessione
653 1855 773 1903 senatus
789 1842 935 1920 princeps,
952 1854 981 1903 et
999 1843 1133 1903 restituta
1150 1843 1182 1903 in
1200 1843 1300 1904 aedili·

302 1947 362 1996 tate
389 1939 566 1999 aduersante
593 1940 715 2017 quidem
750 1940 905 2002 nobilitate
933 1941 1118 2002 monimenta
1146 1943 1180 2003 C.
1211 1941 1297 2015 Mari,
1314 1959 1345 2010 15

261 2022 265 2030 ’
302 2033 450 2112 simulque
468 2037 599 2097 reuocati
617 2040 656 2098 ad
674 2038 719 2098 ius
739 2038 889 2116 dignitatis
907 2039 1138 2116 proscriptorum
1158 2039 1251 2113 liberi,
1270 2051 1299 2100 et

301 2143 437 2208 praetura
451 2145 666 2212 quaesturaque
685 2135 811 2196 mirabili
829 2136 938 2197 uirtute
955 2148 1044 2213 atque
1058 2137 1202 2197 industria
1218 2137 1300 2198 obita

232 2263 237 2274 ·
301 2230 332 2289 in
355 2231 503 2308 Hispania
524 2232 606 2312 (cum
630 2246 707 2294 esset
728 2246 866 2311 quaestor
887 2235 943 2294 sub
957 2237 1065 2294 Vetere
1082 2234 1220 2310 Antistio,
1240 2255 1298 2295 auo
1337 2215 1340 2226 ¹

301 2327 389 2388 huius
403 2329 518 2389 Veteris
540 2330 701 2391 consularis
722 2352 757 2391 ac
777 2331 934 2408 pontificis,
953 2333 1080 2392 duorum
1099 2332 1298 2392 consularium

301 2438 331 2487 et
358 2429 546 2488 sacerdotum
573 2429 671 2506 patris,
701 2429 756 2489 uiri
783 2429 814 2488 in
841 2441 956 2489 tantum
985 2429 1066 2502 boni,
1094 2429 1126 2489 in
1153 2441 1298 2506 quantum
1313 2446 1345 2481 20

301 2528 433 2587 humana
446 2527 618 2605 simplicitas
632 2529 762 2607 intellegi
775 2527 895 2608 potest),
906 2547 966 2605 quo
981 2527 1096 2588 notiora
1111 2539 1187 2601 sunt,
1200 2527 1298 2587 minus

301 2638 389 2704 egent
403 2626 478 2686 stilo

245 2749 288 2807 44
343 2726 414 2784 Hoc
441 2723 528 2801 igitur
560 2727 682 2785 consule
713 2725 790 2790 inter
817 2745 885 2785 eum
914 2735 944 2784 et
972 2725 1027 2785 Cn.
1057 2722 1234 2800 Pompeium
1269 2734 1299 2783 et

302 2824 345 2882 M.
372 2823 513 2883 Crassum
539 2821 613 2882 inita
639 2823 790 2900 potentiae
817 2822 951 2895 societas,
977 2841 1053 2899 quae
1081 2821 1147 2881 urbi
1174 2819 1298 2898 orbique

300 2931 441 2980 terrarum
456 2940 512 2980 nec
526 2919 624 2981 minus
639 2921 757 2981 diuerso
772 2941 892 2997 quoque
906 2931 1040 2996 tempore
1054 2919 1124 2996 ipsis
1144 2918 1298 2979 exitiabilis
1314 2935 1343 2986 ²5

273 3017 362 3080 aluit.
405 3019 464 3078 hoc
485 3017 641 3078 consilium
663 3018 808 3095 sequendi
825 3017 985 3094 Pompeius
1007 3036 1126 3077 causam
1146 3017 1297 3089 habuerat,

300 3126 333 3175 ut
353 3118 475 3176 tandem
495 3127 562 3175 acta
582 3115 613 3174 in
634 3115 833 3176 transmarinis
850 3114 1019 3192 prouinciis,
1035 3114 1152 3192 quibus,
1167 3125 1201 3174 ut
1219 3133 1300 3191 prae·

300 3211 435 3286 diximus,
460 3213 545 3273 multi
567 3213 780 3286 obtrectabant,
803 3233 855 3290 per
876 3214 1034 3275 Caesarem
1055 3213 1299 3272 confirmarentur

333 3365 426 3430 aiam]
447 3373 498 3415 tam
517 3365 572 3413 ΑΡ
676 3366 887 3427 4effusissimam
906 3366 932 3413 A
1074 3382 1136 3426 ‘roe
1153 3367 1297 3415 frustratum

300 3431 326 3478 A
341 3432 394 3489 (sic)
509 3448 526 3493 9
543 3431 726 3492 nobilissimaq.
741 3432 840 3493 quorA
851 3433 904 3495 (sic)
1022 3449 1052 3481 10
1070 3430 1299 3481 DolobellaeAP:

301 3497 458 3546 nobilissima
475 3498 521 3548 Cn.
543 3497 691 3546 Dolabellae
708 3499 795 3545 Haase
902 3514 934 3546 ea
951 3496 1019 3546 AP:
1043 3513 1074 3546 eo
1091 3498 1226 3546 Heinsius:
1253 3513 1298 3545 reo

301 3562 399 3609 Abiere
497 3577 524 3610 11
544 3563 711 3626 praestareA
788 3563 872 3624 Q.P:
889 3563 952 3626 q.A
1062 3579 1091 3624 13
1108 3564 1134 3611 in
1146 3562 1202 3611 add.
1215 3562 1298 3611 Halm

301 3626 384 3687 Q.P:
401 3635 546 3690 qsuprascr.
561 3628 632 3689 Q.A
719 3643 748 3689 ¹5
765 3630 879 3694 quidem]
892 3631 976 3678 eidem
987 3628 1087 3690 Bentley
1169 3643 1197 3689 17
1210 3629 1298 3677 obita·

302 3693 327 3739 in
340 3692 511 3753 Hispania-A
530 3695 599 3758 (sic):
619 3693 703 3743 obitae
712 3694 833 3743 Heinsius
932 3711 962 3756 19
979 3701 1056 3754 atque
1068 3692 1094 3740 P
1189 3709 1221 3756 23
1238 3708 1298 3742 con-

299 3757 357 3806 sulo
364 3764 487 3872 dupriim
502 3758 555 3807 eA
654 3774 687 3821 25
703 3761 815 3822 quoique
826 3760 970 3810 Acidaliae:
988 3759 1080 3820 cuique
1090 3759 1173 3808 Halm
1266 3773 1297 3821 27

300 3839 362 3886 prae
382 3838 418 3871 ιιι

761 3919 792 3969 62
