2996 4520
595 437 752 497 VELLEI
776 437 1017 498 PATERCVLI

300 605 384 666 bellis
407 623 571 681 numquam
594 614 780 676 uacauerant,
796 623 849 664 eae
867 603 924 664 sub
938 604 972 666 C.
989 603 1119 665 Antistio
1137 623 1174 664 ac
1187 602 1299 665 deinde

301 706 333 764 P.
350 701 422 763 Silio
436 704 532 780 legato
547 700 711 777 ceterisque
724 713 828 778 postea
842 701 930 762 etiam
945 701 1104 762 latrociniis
1119 715 1265 763 uacarent

252 812 289 871 91
343 803 425 860 Dum
447 809 568 876 pacatur
589 797 747 872 Occidens,
769 799 808 858 ab
830 799 953 859 Oriente
974 819 1010 860 ac
1033 820 1101 877 rege
1121 803 1298 862 Parthorum

301 897 385 974 signa
406 901 551 970 Romana,
575 916 652 974 quae
673 897 781 958 Crasso
800 917 908 974 prenso
928 898 1052 971 Orodes,
1069 918 1145 976 quae
1164 899 1298 959 Antonio

301 998 387 1073 pulso
408 994 485 1055 filius
508 994 570 1056 eius
593 997 733 1055 Prahates
755 1005 902 1072 ceperant,
922 998 1058 1073 Augusto
1079 997 1201 1058 remissa
1219 1009 1329 1058 sunt.5

301 1095 383 1171 quod
398 1112 565 1169 cognomen
579 1091 621 1151 illi
635 1091 699 1152 uiro
714 1091 816 1151 Planci
831 1091 977 1153 sententia
991 1113 1154 1153 consensus
1168 1093 1297 1154 uniuersi

275 1201 420 1252 asenatus
439 1190 601 1268 populique
621 1189 752 1250 Romani
770 1189 886 1250 indidit
930 1201 1012 1250 erant
1029 1201 1129 1250 tamen
1144 1191 1195 1269 qui
1217 1194 1298 1251 hunc

300 1287 502 1349 felicissimum
517 1298 626 1348 statum
640 1286 790 1347 odissent:
812 1286 923 1364 quippe
938 1289 971 1347 L.
985 1290 1113 1349 Murena
1127 1300 1156 1349 et
1168 1289 1298 1350 Fannius

301 1386 415 1464 Caepio
437 1384 561 1446 diuersis
585 1383 717 1444 moribus
741 1382 823 1461 (nam
846 1385 974 1443 Murena
995 1383 1059 1445 sine
1086 1386 1146 1445 hoc
1169 1384 1299 1447 facinore

300 1485 396 1563 potuit
408 1482 501 1544 uideri
510 1482 616 1554 bonus,
629 1479 742 1557 Caepio
753 1490 782 1539 et
792 1481 851 1540 hoc
865 1488 894 1539 et
904 1490 973 1541 ante
982 1492 1042 1540 erat
1056 1481 1214 1561 pessimus)
1229 1503 1298 1542 cum
1316 1497 1349 1533 ¹0

301 1584 424 1645 inissent
452 1579 611 1642 occidendi
638 1577 772 1640 Caesaris
805 1578 936 1652 consilia,
966 1579 1098 1656 oppressi
1125 1580 1299 1642 auctoritate

274 1681 428 1759 3publica,
451 1681 533 1756 quod
554 1677 585 1736 ui
605 1678 701 1736 facere
721 1677 885 1749 uoluerant,
901 1675 963 1737 iure
983 1676 1062 1754 passi
1081 1688 1157 1738 sunt.
1201 1698 1299 1755 neque

301 1782 395 1839 multo
422 1787 490 1854 post
519 1778 615 1835 Rufus
644 1774 795 1851 Egnatius,
823 1793 877 1851 per
903 1775 1004 1835 omnia
1031 1775 1184 1852 gladiatori
1209 1797 1299 1854 quam

301 1875 429 1937 senatori
449 1874 577 1953 propior,
593 1875 719 1933 collecto
739 1871 771 1931 in
791 1871 940 1932 aedilitate
959 1874 1060 1932 fauore
1080 1873 1192 1950 populi,
1207 1893 1298 1950 quem

302 1971 523 2050 exstinguendis
537 1969 652 2048 priuata
672 1968 783 2028 familia
801 1967 947 2028 incendiis
972 1967 1003 2027 in
1027 1969 1091 2029 dies
1115 1982 1242 2043 auxerat,
1265 1969 1297 2030 in
1313 1985 1346 2036 15

302 2082 417 2130 tantum
442 2068 572 2146 quidem,
598 2079 631 2126 ut
655 2065 682 2126 ei
706 2077 872 2143 praeturam
899 2065 1093 2140 continuaret,
1117 2088 1186 2128 mox
1210 2067 1298 2128 etiam

303 2169 490 2227 consulatum
504 2176 604 2242 petere
618 2184 716 2236 ausus,
732 2184 801 2223 cum
818 2175 895 2224 esset
915 2163 997 2224 omni
1015 2163 1192 2241 flagitiorum
1212 2167 1301 2225 scele-

303 2284 428 2341 rumque
452 2260 634 2322 eonscientia
661 2281 773 2321 mersus
801 2281 858 2320 nec
882 2261 986 2321 melior
1012 2261 1054 2321 illi
1081 2283 1127 2322 res
1151 2261 1300 2323 familiaris

303 2381 393 2438 quam
408 2380 492 2419 mens
508 2361 613 2431 †foret‚
624 2357 787 2435 adgregatis
802 2357 957 2419 simillimis
972 2359 1028 2419 sibi
1042 2359 1217 2420 interemere
1228 2362 1301 2422 Cae-

303 2479 398 2519 sarem
422 2457 531 2531 statuit,
555 2468 587 2516 ut
612 2477 672 2534 quo
699 2458 782 2517 saluo
807 2459 906 2518 saluus
934 2478 998 2519 esse
1026 2479 1087 2519 non
1114 2469 1237 2535 poterat,
1264 2477 1300 2518 eo
1316 2470 1349 2504 20

274 2556 420 2620 4sublato
448 2565 616 2615 moreretur.
668 2552 779 2631 quippe
803 2553 844 2615 ita
871 2574 902 2614 se
921 2575 1018 2616 mores
1040 2556 1160 2630 habent,
1181 2555 1301 2634 publica

215 2699 220 2710 ,
304 2655 429 2734 quisque
444 2653 528 2713 ruina
542 2652 624 2712 malit
639 2652 774 2713 occidere
789 2672 879 2730 quam
898 2673 952 2713 sua
970 2653 1087 2731 proteri,
1102 2654 1183 2716 idem
1202 2675 1302 2732 passu-

304 2775 351 2814 rus
380 2753 478 2813 minus
506 2750 645 2828 conspici.
689 2771 786 2829 neque
814 2750 863 2811 hic
890 2751 1035 2828 prioribus
1063 2752 1093 2812 in
1122 2755 1301 2814 occultando

303 2851 415 2912 felicior
449 2850 512 2924 fuit,
540 2849 719 2928 abditusque
749 2869 865 2910 carcere
899 2870 968 2909 cum
1002 2850 1129 2912 consciis
1164 2851 1300 2914 facinoris

304 2966 431 3015 mortem
445 2952 649 3030 dignissimam
663 2952 724 3012 uita
738 2973 791 3012 sua
805 2951 887 3013 obiit.
1317 2950 1347 3002 ²5

339 3124 351 3155 r
370 3123 416 3155 eae
427 3106 467 3154 P:
478 3107 527 3154 hae
536 3105 562 3152 A
629 3105 741 3155 Antistio
751 3106 876 3156 Gelemus:
888 3105 985 3154 Aristio
994 3104 1048 3153 ΑΡ
1151 3119 1168 3166 3
1185 3105 1301 3166 pacatus

306 3173 465 3237 (pacaturus)
483 3171 518 3234 A,
536 3171 630 3219 sed-us
656 3172 734 3219 multo
758 3172 930 3219 manntubn'bus
954 3172 1037 3219 lutens
1173 3186 1302 3231 4prenso

305 3239 403 3301 sm'psi:
432 3236 584 3299 praessoA:
606 3236 741 3297 pressoP:
765 3252 890 3298 oppresso
909 3236 1021 3285 Gelenius
1150 3236 1302 3296 5Prahates

305 3303 341 3365 A,
364 3305 425 3351 stent
447 3304 472 3350 in
489 3302 591 3350 Medueo
612 3302 666 3351 Tac.
690 3301 763 3352 Ann.
784 3303 809 3351 ii.
831 3317 841 3350 1
861 3307 914 3350 eta
933 3300 1084 3366 (Thomas):
1114 3301 1256 3349 Phrahates
1277 3301 1303 3349 P

305 3371 323 3416 6
339 3370 395 3417 uiro
406 3368 474 3415 AP:
491 3383 553 3416 uere
565 3367 706 3414 Ruhnken:
723 3368 778 3415 iure
791 3368 869 3416 Orelli
987 3382 1003 3427 9
1020 3367 1103 3428 Cepio
1113 3366 1173 3427 ΑΡ,
1191 3371 1213 3413 et
1227 3368 1261 3414 sic
1272 3382 1303 3415 10

309 3450 339 3482 10
356 3442 382 3482 et
394 3435 443 3481 hoc
456 3440 515 3481 ante
527 3432 594 3482 AP:
611 3440 637 3481 et
647 3438 708 3480 ante
720 3434 768 3480 hoc
782 3433 906 3482 Gelenius:
923 3433 1039 3494 sm'psiet
1051 3433 1099 3480 hoc
1112 3440 1138 3479 et
1149 3439 1209 3480 ante
1220 3433 1245 3481 h.
1254 3448 1271 3480 e.
1281 3437 1303 3480 et

307 3500 351 3546 hoc
357 3499 467 3561 facinore
480 3504 503 3545 et
513 3503 570 3546 ante
631 3513 658 3546 11
677 3499 784 3546 inissent
800 3497 840 3547 P:
858 3498 985 3560 iniissent
994 3497 1020 3544 A
1031 3498 1084 3560 (sic)
1148 3511 1177 3556 15
1190 3497 1305 3546 ext.AP

310 3580 338 3624 17
352 3565 465 3612 omnium
474 3562 611 3611 Burmann
679 3564 822 3624 18sortasse
831 3568 890 3624 (nec
900 3564 990 3611 melior
997 3563 1032 3610 illi
1040 3578 1082 3611 res
1089 3561 1219 3611 familiaris
1226 3578 1302 3623 quam

307 3644 381 3677 mens
393 3629 495 3693 suerat),
507 3634 535 3677 ut
545 3643 585 3690 95.
595 3645 611 3689 3
622 3629 687 3677 soret
698 3630 815 3692 smptum
830 3634 865 3677 est
881 3630 907 3676 in
922 3628 981 3690 ΑΡ,
999 3644 1056 3676 cum
1070 3629 1186 3676 sententia
1196 3628 1304 3691 postulet

308 3696 390 3743 suerat
490 3709 520 3754 19
537 3695 646 3743 interim.
658 3693 712 3741 ΑΡ
807 3708 837 3741 21
857 3695 967 3759 publica]
982 3701 1009 3742 ut
1021 3693 1077 3743 add.
1091 3692 1174 3741 Bunr
1269 3708 1302 3741 aa

307 3759 429 3822 provdael,
442 3759 496 3807 dein
507 3761 602 3821 proteri
615 3760 640 3806 A
655 3760 707 3821 (sic)
790 3767 816 3807 et
828 3758 932 3808 idemP
1026 3775 1058 3819 24
1075 3758 1301 3807 carcereKrause:

308 3826 403 3875 carceri
422 3824 490 3872 AP:
516 3826 611 3873 carceri
629 3824 770 3873 Rockwood
783 3826 895 3873 seruauit
910 3829 1006 3872 secutus
1023 3823 1142 3886 Nauium,
1158 3825 1205 3886 qui
1220 3823 1303 3872 attulit

308 3895 373 3943 Aen.
389 3891 414 3940 ii.
426 3905 475 3953 553
488 3891 561 3940 lateri
574 3892 671 3940 abdidit
683 3907 772 3941 ensem
785 3891 920 3953 (forment.
934 3890 950 3939 i.
963 3889 1022 3954 241)

786 3981 832 4032 104
