3010 4520
538 437 863 498 PROLEGOMENA

202 608 319 665 uerbum
333 607 445 682 quedem
460 608 648 667 intellexisse:
669 610 738 666 adeo
752 608 849 666 omnia
864 614 951 666 erant
966 606 1082 682 confusa
1096 609 1199 682 absque

202 714 271 772 ullis
277 715 396 789 punctis
409 720 464 772 aut
475 714 708 774 distinctionibus.
756 714 843 789 Quod
859 714 888 772 si
899 721 930 772 tu
949 714 1033 772 scires
1049 733 1137 790 quam
1151 733 1199 789 ego

201 820 360 877 laborarint
390 820 422 878 in
450 820 508 877 lici's
529 819 708 894 fragmentis
735 827 875 895 utcunque
902 821 1091 894 restituendis,
1120 822 1200 878 credo

164 899 168 910 ¹
191 925 332 1001 fateberis
346 933 371 984 te
384 927 527 985 mulcinen
543 927 733 985 nilu'ldebere.
772 928 873 1002 Neque
886 927 961 986 enim
974 928 1044 1002 quia
1060 934 1091 985 tu
1106 930 1199 985 inulta
1235 987 1237 1008 Ι

201 1033 304 1107 absque
323 1031 472 1107 offensibus
492 1033 568 1114 legis,
590 1033 692 1091 tda'rco
712 1033 796 1091 codex
808 1035 922 1109 planus
942 1040 1025 1092 erat:
1045 1034 1103 1092 imo
1123 1034 1205 1092 nibil

199 1144 266 1195 erat
287 1156 344 1195 non
368 1139 581 1213 deprauatum:
611 1138 642 1196 in
665 1139 787 1214 singulis
803 1148 878 1214 pene
900 1139 994 1214 uerbis
1016 1139 1197 1196 lcaerebatar.

199 1244 383 1302 Fatebuntur
413 1265 455 1302 nte
488 1265 556 1302 uera
590 1245 686 1318 dicere,
718 1245 877 1320 quicunque
911 1252 1053 1302 uetustum
1083 1245 1198 1304 codicem

199 1350 383 1425 inspexerint,
399 1351 453 1426 qui
471 1351 501 1409 in
517 1352 705 1409 Murbacensi
722 1351 884 1409 bibliotheca
906 1352 1001 1410 adbuc
1019 1359 1197 1410 asseruatur.

201 1457 340 1514 Eundem
355 1455 439 1516 breui
453 1467 521 1532 post
538 1456 775 1516 ‘semilacerum'
790 1455 869 1516 dicit.
907 1459 978 1516 Non
993 1455 1080 1532 igitur
1090 1455 1197 1515 mirum

201 1559 225 1620 si
240 1561 372 1637 quinque
389 1581 484 1621 annos
504 1563 669 1621 Rhenanus
685 1561 890 1641 (1515-1520)
909 1564 1058 1639 parandae
1075 1562 1199 1622 editioni

199 1664 376 1742 insumpsit:
405 1665 544 1725 nimirum
565 1677 595 1726 et
616 1667 736 1726 mutilus
758 1670 853 1728 codex
877 1678 907 1727 et
929 1667 1026 1727 uerbis
1046 1669 1123 1726 male
1143 1667 1200 1735 dis·

199 1771 298 1830 tractis
322 1771 377 1830 fuit
396 1784 425 1830 et
449 1771 567 1848 punctis
592 1774 640 1831 uel
662 1772 852 1833 distinctione
877 1772 977 1846 caruit,
1000 1785 1033 1832 ut
1058 1772 1199 1842 credibile
1278 1824 1279 1827 ,

200 1875 237 1936 sit
252 1878 432 1937 Rhenanum
454 1897 516 1937 non
537 1877 594 1937 nisi
615 1857 732 1954 saepius
754 1898 901 1955 perpenso
923 1877 986 1938 siue
1007 1878 1072 1955 ipso
1094 1877 1199 1937 codice

199 1982 262 2042 siue
286 1983 381 2062 (quod
406 1982 499 2060 magis
527 1981 604 2062 reor)
633 1986 804 2060 apographo
833 1983 895 2044 eius
924 1984 1022 2044 uisum
1050 1984 1107 2044 sibi
1135 2005 1200 2044 esse

179 2109 299 2148 -ueram
321 2089 468 2148 Paterculi
489 2088 667 2149 sententiam
692 2092 871 2149 enucleasse.
916 2090 1094 2166 Diligentius
1119 2091 1199 2150 enim

198 2214 260 2254 rem
285 2194 379 2271 egisse
403 2206 484 2271 patet
511 2214 547 2254 ex
570 2194 663 2271 ipsius
685 2195 856 2255 testimonio
881 2198 964 2272 quod
986 2217 1074 2273 supra
1098 2196 1183 2256 attuli
1193 2219 1202 2270 5

165 2303 168 2310 '
198 2320 267 2359 eum
295 2300 376 2360 enim
397 2303 546 2378 exemplar
573 2300 685 2361 codicis
713 2301 865 2361 habuisset
892 2304 929 2360 ab
950 2304 1040 2361 amico
1062 2303 1116 2362 sed
1130 2312 1201 2378 pro-

189 2415 334 2485 peranter
353 2408 531 2484 descriptam,
557 2410 616 2468 hoc
641 2428 702 2468 non
725 2419 883 2468 contentus
908 2408 1009 2467 statuit
1036 2407 1199 2468 editionem

127 2590 130 2598 ι
197 2533 331 2590 premere
356 2515 453 2579 donec
478 2513 582 2573 melior
605 2513 775 2590 proueniret
799 2514 894 2573 codex
919 2533 1008 2590 quem
1035 2513 1202 2574 Mediolani

197 2639 262 2679 esse
276 2619 415 2679 audisset.
460 2621 529 2694 Qua
543 2639 595 2696 spe
610 2621 762 2696 deceptus,
778 2639 847 2678 cum
862 2639 918 2679 nec
934 2619 1099 2679 Mediolani
1110 2622 1200 2680 talem

198 2746 253 2786 nec
277 2747 296 2785 a
321 2729 437 2786 Merula
461 2737 609 2803 repertum
634 2746 699 2787 esse
723 2726 921 2800 intellexisset,
948 2727 1053 2804 quinto
1078 2730 1199 2787 tandem

174 2901 175 2910 χ
196 2851 277 2892 anno
292 2834 338 2892 ed.
354 2832 518 2909 principem
534 2832 667 2892 Basileae
681 2832 821 2909 uulgauit.

238 2940 384 2998 Nondum
404 2938 485 2998 edito
509 2937 585 2999 libro
608 2937 713 2998 notitia
727 2938 839 2998 codicis
858 2950 1033 3014 peruenerat
1047 2940 1086 2998 ad
1101 2941 1201 3006 Auen

198 3042 293 3104 tinum
309 3045 490 3124 (Iohannem
505 3042 663 3123 Turmair),
680 3045 846 3103 Annalium
858 3045 1001 3103 Boiorum
1016 3043 1198 3120 scriptorem,

197 3150 320 3210 fortasse
341 3150 380 3209 ab
400 3152 557 3224 Rhenano,
574 3150 658 3210 cuius
672 3149 697 3209 is
717 3149 939 3226 condiscipulus
960 3149 1076 3210 Parisiis
1095 3153 1197 3211 fuerat.

198 3257 278 3315 Nam
306 3277 368 3315 non
396 3258 493 3316 solum
520 3257 596 3316 inter
623 3268 759 3316 auctores
784 3256 1002 3318 Chronicorum
1030 3258 1199 3318 Auentinus

198 3364 386 3422 Paterculum
408 3364 514 3439 allegat
536 3362 641 3441 (Praei.
664 3362 713 3421 lib.
733 3384 747 3421 2
765 3366 843 3422 Ann.
861 3361 991 3422 Rietzler
1007 3365 1042 3422 T.
1063 3363 1092 3423 ii.
1111 3383 1139 3440 p.
1158 3363 1197 3442 a),

198 3469 251 3528 sed
266 3467 337 3544 ipsis
352 3468 450 3528 uerbis
461 3469 614 3542 Paterculi,
631 3488 708 3546 quae
722 3489 793 3528 mox
802 3470 966 3528 Rhenanus
981 3468 1113 3529 editurus
1128 3481 1198 3542 erat,

198 3576 364 3636 Pannonici
375 3576 445 3637 belli
457 3577 570 3650 seriem,
584 3577 693 3638 deinde
705 3578 775 3638 Vari
789 3598 825 3638 ac
835 3581 1038 3638 Romanarum
1048 3579 1199 3656 legionum

197 3685 314 3744 cladem
337 3685 466 3745 narrauit
494 3684 644 3761 (Rietzler,
674 3684 701 3744 ii.
729 3705 777 3762 pp.
807 3683 965 3763 125-127).
1010 3689 1048 3746 Et
1076 3687 1199 3746 fortasse
1237 3757 1245 3780 ⁴

197 3789 261 3867 ipse
282 3791 418 3852 codicem
440 3791 563 3864 uiderat,
582 3790 645 3850 siue
664 3790 695 3850 in
718 3791 910 3852 Murbacensi
924 3791 1114 3866 bibliotheca,
1134 3793 1199 3853 siue

683 3913 710 3944 lx
