3010 4520
608 437 763 496 VELLEI
786 435 1026 496 PATERCVLI

318 605 453 666 terribilis
475 604 579 665 Italiae
600 624 721 682 quoque
742 603 891 663 uideretur
909 601 1072 675 imminere,
1095 613 1173 662 sorte
1194 601 1318 662 obuenit

288 728 304 774 4
318 704 416 763 Sullae
431 702 503 762 Asia
516 701 676 778 prouincia.
722 698 770 781 [is]
786 720 919 778 egressus
938 701 1011 760 urbe
1030 720 1099 760 curn
1114 699 1192 760 circa
1207 701 1316 759 Nolam

318 812 480 860 moraretur
508 799 631 880 (quippe
656 819 691 859 ea
715 799 785 858 urbs
809 797 1042 875 pertinacissime
1066 817 1148 857 arma
1171 796 1316 857 retinebat

317 897 506 974 exercituque
521 899 661 956 Romano
675 895 876 968 obsidebatur,
888 897 970 955 uelut
984 894 1147 972 paeniteret
1161 894 1224 954 eius
1236 893 1314 966 fidei,

318 1015 407 1072 quam
429 995 564 1056 omnium
586 993 801 1054 sanctissimam
823 993 903 1052 bello
923 992 1107 1069 praestiterat
1128 990 1265 1071 Punico),
1282 994 1313 1051 P.
1330 1013 1344 1060 5

288 1123 301 1170 5
317 1091 464 1174 Sulpicius
483 1091 618 1151 tribunus
634 1092 684 1168 pl,
700 1089 835 1162 disertus,
850 1109 926 1162 acer,
945 1089 1052 1167 opibus
1071 1089 1163 1167 gratia
1179 1088 1315 1149 amicitiis

316 1188 417 1266 uigore
436 1188 535 1266 ingeni
556 1200 645 1266 atque
666 1187 758 1248 animi
779 1187 995 1260 celeberrimus,
1019 1207 1088 1247 cum
1109 1198 1198 1247 antea
1217 1186 1315 1246 rectis·

316 1286 391 1346 sima
411 1288 565 1347 uoluntate
587 1288 667 1363 apud
689 1286 834 1362 populum
857 1284 1016 1344 maximam
1038 1285 1200 1362 quaesisset
1222 1285 1314 1362 digni-

315 1395 414 1457 tatem,
431 1383 515 1462 quasi
529 1383 640 1460 pigeret
655 1403 724 1443 eum
738 1382 881 1442 uirtutum
896 1402 1014 1442 suarum
1034 1393 1063 1442 et
1080 1383 1158 1443 bene
1177 1384 1314 1442 consulta

286 1481 343 1544 6ei
361 1485 438 1542 male
456 1483 605 1555 cederent,
621 1480 720 1541 subito
738 1499 847 1557 prauus
866 1490 895 1540 et
914 1499 1055 1557 praeceps
1074 1481 1108 1542 C.
1129 1479 1226 1540 Mario
1244 1490 1313 1556 post
1329 1499 1360 1534 10

315 1595 379 1637 Lxx
400 1599 513 1638 annum
538 1577 639 1638 omnia
662 1575 786 1654 imperia
805 1586 835 1635 et
859 1576 957 1637 omnis
981 1576 1149 1654 prouincias
1174 1577 1314 1654 concupi-

310 1675 408 1736 scenti
431 1675 544 1737 addixit
571 1697 599 1735 se
622 1677 778 1753 legemque
802 1675 841 1734 ad
865 1676 1010 1751 populum
1035 1674 1109 1748 tulit,
1132 1695 1192 1752 qua
1214 1677 1312 1736 Sullae

313 1773 470 1850 imperium
484 1774 681 1851 abrogaretur,
694 1774 728 1835 C.
741 1769 838 1830 Mario
853 1771 965 1831 bellum
978 1773 1186 1832 decerneretur
1198 1772 1312 1832 Mithri-

314 1869 454 1942 daticum,
483 1869 614 1947 aliasque
646 1872 724 1947 leges
751 1869 932 1947 perniciosas
960 1880 990 1929 et
1017 1869 1180 1929 exitiabiles
1213 1889 1311 1948 neque

313 1969 480 2027 tolerandas
508 1967 618 2027 liberae
645 1967 758 2028 ciuitati
784 1967 859 2026 tulit.
903 1965 976 2044 quin
1004 1965 1093 2026 etiam
1122 1968 1159 2042 Q.
1185 1967 1311 2043 Pompei
1328 1986 1358 2037 ¹5

313 2064 443 2124 consulis
464 2064 558 2124 filium
579 2066 769 2142 eundemque
791 2066 889 2125 Sullae
907 2084 1050 2141 generum
1071 2083 1123 2141 per
1144 2064 1310 2125 emissarios

311 2161 448 2222 factionis
463 2182 533 2222 suae
547 2161 700 2222 interfecit.

259 2275 295 2332 19
351 2261 378 2317 T
380 2278 431 2318 um
453 2260 533 2319 Sulla
557 2270 711 2319 contracto
732 2257 860 2334 exercitu
884 2260 924 2319 ad
946 2259 1050 2318 urbem
1073 2258 1159 2319 rediit
1183 2279 1310 2336 eamque

310 2354 399 2416 annis
432 2355 598 2432 occupauit,
618 2345 678 2414 ,xri
708 2367 843 2416 auctores
875 2375 1020 2415 nouarum
1055 2356 1309 2435 pessimarumque

310 2472 416 2525 rerum,
440 2453 516 2513 inter
536 2473 612 2530 quos
634 2452 764 2512 Marium
789 2473 858 2513 cum
880 2452 942 2513 filio
965 2464 994 2514 et
1017 2455 1048 2512 P.
1072 2453 1212 2530 Sulpicio,
1235 2456 1309 2515 urbe
1325 2478 1355 2510 20

310 2550 475 2610 exturbauit
503 2571 538 2610 ac
566 2553 630 2628 lege
658 2554 716 2610 lata
744 2552 843 2610 exules
870 2550 947 2611 fecit.
1000 2550 1162 2627 Sulpicium
1193 2549 1307 2633 [etiam]

309 2647 443 2708 adsecuti
456 2648 571 2726 equites
585 2647 616 2707 in
632 2647 818 2709 Laurentinis
837 2648 996 2725 paludibus
1015 2647 1193 2725 iugulauere‚
1209 2661 1308 2726 caput-

309 2765 367 2822 que
395 2745 458 2806 eius
486 2757 616 2806 erectum
644 2758 674 2806 et
698 2756 878 2806 ostentatum
902 2766 957 2822 pro
980 2745 1080 2805 rostris
1108 2747 1190 2805 uelut
1218 2767 1307 2806 omen

202 2849 205 2856 '
280 2865 292 2898 2
308 2841 490 2904 imminentis
509 2842 730 2920 proscriptionis
749 2843 812 2903 fuit.
857 2842 969 2902 Marius
988 2853 1056 2918 post
1073 2853 1188 2902 sextum
1203 2862 1308 2904 consu-

308 2941 400 2999 latum
425 2960 580 3017 annosque
605 2958 669 2998 Lxx
694 2942 792 3000 nudus
816 2959 852 2999 ac
876 2939 948 2999 limo
972 2939 1104 3012 obrutus,
1127 2939 1220 3000 oculis
1245 2951 1306 3002 tan·
1321 2969 1349 3018 ²5

307 3039 465 3108 tummodo
496 3057 532 3097 ac
563 3037 683 3098 naribus
714 3036 923 3109 eminentibus,
952 3048 1097 3097 extractus
1128 3039 1307 3100 arundineto

342 3190 476 3239 riminA
489 3207 494 3238 :
512 3189 617 3240 immP
691 3207 707 3238 a
724 3190 887 3252 prouintiaA
956 3190 1029 3239 IsP:
1046 3191 1131 3242 om.A
1206 3195 1306 3259 4p3ni-

308 3262 374 3304 teret
395 3257 440 3306 A:
468 3272 543 3318 poen.
566 3255 593 3303 Ρ
697 3273 711 3317 7
730 3257 825 3316 ingenii
847 3254 902 3302 ΑΡ
1003 3258 1097 3318 Raput
1119 3257 1162 3308 A:
1192 3261 1260 3320 apud
1283 3259 1309 3306 P

308 3336 453 3369 maxumam
464 3321 491 3368 A
602 3335 632 3369 12
649 3337 678 3369 se
686 3326 745 3384 past
753 3321 896 3369 Puteanum
908 3321 1027 3370 Heinsius
1037 3327 1060 3370 et
1070 3323 1170 3384 Bentley
1177 3330 1236 3386 post
1246 3340 1305 3373 con·

307 3386 457 3448 cupiscenti,
477 3388 559 3436 Halm
575 3392 634 3450 post
650 3402 783 3448 praeceps,
799 3402 843 3450 ego
859 3392 917 3448 post
934 3386 1032 3436 addixit
1052 3388 1211 3437 addidimus:
1234 3391 1307 3440 ded-it

307 3452 406 3499 addixit
427 3453 453 3498 A
480 3454 548 3516 (siclt
576 3453 650 3500 Kriia
669 3453 727 3513 imp.
751 3459 777 3499 et
796 3469 818 3501 ο.
840 3452 985 3514 prouincias
1005 3459 1137 3514 tamquam
1157 3457 1307 3503 aeaesatiuos

309 3518 399 3564 rettulit
417 3517 453 3564 ad
469 3519 566 3566 addixit
665 3518 752 3579 Syllae
773 3517 901 3580 inperium
919 3517 954 3579 A,
977 3520 1022 3580 qui
1030 3519 1148 3579 somnam
1168 3520 1239 3568 Sulla
1256 3524 1305 3569 non

308 3582 379 3630 habet
395 3583 445 3630 nesi
460 3599 497 3646 19.
511 3600 535 3647 a,
550 3600 592 3650 ¹24.
609 3599 628 3642 1,
648 3583 687 3632 28.
701 3601 724 3644 a,
738 3598 778 3644 41.
790 3600 805 3631 a
921 3597 950 3644 15
967 3584 1068 3645 etiamq.
1089 3584 1194 3646 Pompei
1211 3585 1257 3635 A:
1281 3604 1304 3635 e.

309 3647 340 3708 Q.
355 3647 508 3710 PompeiiP
571 3667 604 3698 ao
620 3648 995 3710 Sulpitio,218ulpitiumAP
1061 3665 1090 3698 ar
1109 3651 1302 3720 ergjurbauitA

308 3714 385 3762 etiam
404 3731 417 3761 e
436 3715 600 3777 geminatione
619 3716 662 3763 litt.
682 3716 763 3763 -itium
784 3721 866 3762 orium
880 3715 1005 3779 putabant
1023 3715 1100 3764 Orelli
1113 3720 1136 3763 ei
1156 3715 1305 3765 Cornelissen

308 3795 340 3840 23
351 3781 459 3827 omenA
470 3779 514 3827 sed
520 3796 589 3828 eraso
596 3782 663 3842 quod
669 3782 789 3844 nunelegr'
796 3797 845 3830 non
850 3786 930 3844 potest
980 3796 1011 3840 24
1024 3781 1083 3828 inm.
1094 3781 1119 3828 A
1183 3796 1214 3842 25
1226 3799 1305 3830 anno·

305 3861 357 3907 que
369 3861 428 3896 axx.
439 3844 507 3895 AP:
524 3861 657 3908 annosque
670 3861 722 3895 Lxx
736 3846 855 3894 Vrsinus:
872 3861 1019 3907 annumque
1030 3861 1081 3894 Lxx
1096 3845 1156 3894 Voss

788 3941 818 4004 36
