2996 4520
615 414 745 475 LIBER
765 415 798 474 II

208 580 355 642 interdum
368 594 399 642 ut
414 582 580 660 supplicem
594 585 855 657 commendabant,
868 583 1016 644 interdum
1031 596 1063 643 ut
1078 603 1131 660 pro
1146 582 1208 660 pari

207 680 412 756 loquebantur.
445 679 583 758 gentibus
598 680 830 758 hominibusque
844 701 862 740 a
875 681 963 741 nobis
974 681 1208 742 desciscentibus

208 787 269 836 erat
287 777 368 853 apud
389 798 458 837 curn
479 777 654 856 perfugium,
672 789 685 838 †
697 790 854 856 totumque
873 800 909 839 ex
928 782 1004 839 male
1022 763 1208 839 dissimulato

206 876 312 952 agebat
326 878 476 936 aemulum
487 899 496 950 ;
516 877 744 954 exercitumque,
757 898 847 955 quem
860 895 923 936 Lxx
938 876 1051 936 milium
1063 876 1207 954 pediturn,

177 993 191 1040 5
207 982 346 1049 quattuor
363 972 497 1050 equitum
516 976 633 1048 fecerat,
649 974 781 1034 adsiduis
800 977 942 1035 aduersus
962 973 1103 1034 finitimos
1123 973 1208 1034 bellis

206 1072 373 1129 exercendo
394 1069 497 1131 maiori
519 1091 617 1148 quam,
635 1073 717 1148 quod
737 1071 875 1144 habebat,
895 1070 976 1148 operi
997 1071 1207 1148 praeparabat:

206 1179 328 1245 eratque
338 1167 427 1228 etiam
439 1189 476 1228 eo
487 1168 646 1242 timendus,
659 1171 741 1246 quod
756 1189 824 1228 curn
836 1169 1027 1229 Germaniam
1041 1172 1081 1229 ad
1092 1171 1207 1228 laeuam
1221 1196 1234 1242 3

131 1299 132 1304 κ
206 1276 236 1324 et
250 1265 281 1324 in
295 1268 400 1339 fronte,
417 1266 603 1327 Pannoniam
618 1269 657 1326 ad
671 1269 813 1339 dextram,
828 1287 846 1326 a
860 1278 942 1344 tergo
957 1266 1074 1328 sedium
1089 1287 1207 1326 suarum

208 1363 330 1422 haberet
355 1363 491 1436 Noricos,
517 1375 669 1440 tamquam
690 1363 721 1422 in
743 1383 848 1423 omnes
870 1384 986 1441 semper
1007 1373 1148 1423 uenturus
1169 1363 1208 1422 ab

164 1479 195 1513 ιο
209 1458 349 1518 omnibus
363 1459 529 1520 timebatur.
573 1481 629 1520 nec
643 1480 777 1520 securam
792 1460 967 1520 incrementi
981 1459 1027 1520 sui
1043 1459 1209 1537 patiebatur
1221 1485 1236 1530 4

208 1576 273 1616 esse
302 1557 428 1630 Italiam,
452 1557 563 1635 quippe
588 1579 656 1618 cum
684 1579 702 1618 a
730 1558 854 1618 summis
879 1558 1001 1635 Alpium
1024 1557 1106 1635 iugis,
1131 1576 1208 1633 quae

207 1656 298 1715 finem
321 1655 424 1715 Italiae
445 1656 612 1730 terminant,
634 1656 751 1716 initium
773 1657 860 1718 huius
882 1656 986 1717 finium
1008 1656 1089 1716 haud
1114 1657 1208 1715 multo

207 1754 274 1829 plus
299 1771 336 1812 cc
361 1752 480 1814 milibus
505 1774 646 1831 passuum
670 1755 796 1814 abesset
849 1756 931 1814 hunc
955 1753 1051 1813 uirum
1077 1764 1106 1812 et
1130 1753 1235 1818 hanes

208 1849 360 1928 regionem
394 1852 529 1928 proximo
556 1872 636 1912 anno
665 1852 788 1914 diuersis
816 1872 833 1912 e
863 1851 995 1928 partibus
1024 1850 1069 1910 Ti.
1100 1851 1210 1913 Caesar

165 1969 195 2018 15
208 1947 330 2025 adgredi
345 1948 453 2009 statuit.
483 1949 586 2010 Sentio
601 1949 760 2010 Saturnino
775 1950 957 2023 mandatum,
970 1961 1003 2009 ut
1017 1969 1069 2026 per
1084 1950 1210 2011 Chattos

207 2045 312 2106 excisis
327 2045 549 2107 continentibus
565 2046 734 2123 Hercyniae
749 2046 830 2106 siluis
845 2045 976 2124 legiones
992 2046 1209 2106 Boiohaemum

207 2141 252 2222 (id
273 2143 394 2221 regioni,
413 2164 503 2221 quam
525 2144 675 2204 incolebat
695 2144 911 2216 Maroboduus,
931 2163 1043 2203 nornen
1061 2141 1126 2221 est),
1146 2142 1209 2219 ipse

206 2241 401 2314 aCarnunto,
418 2241 469 2318 qui
486 2243 569 2302 locus
591 2241 694 2302 Norici
715 2240 797 2319 regni
818 2240 968 2318 proximus
989 2241 1028 2300 ab
1049 2243 1106 2302 hac
1126 2253 1209 2318 parte

206 2350 276 2411 erat,
294 2338 464 2411 exercitum,
485 2338 537 2416 qui
558 2339 588 2398 in
611 2338 729 2416 Illyrico
751 2339 892 2411 merebat,
911 2339 1019 2398 ducere
1040 2337 1071 2396 in
1094 2340 1209 2397 Marco-

162 2461 192 2496 κο
207 2457 333 2497 mannos
348 2457 432 2496 orsus
446 2448 498 2497 est.

248 2533 382 2610 Rumpit,
404 2533 554 2594 interdum
576 2544 705 2594 moratur
727 2533 880 2611 proposita
900 2531 1056 2592 hominum
1081 2534 1206 2593 fortuna.
1221 2553 1274 2596 110

206 2643 430 2709 praeparauerat
454 2631 513 2690 iam
537 2630 661 2691 hiberna
686 2633 796 2694 Caesar
817 2632 856 2690 ad
880 2627 1054 2689 Danubium
1075 2632 1209 2690 admoto-

207 2750 265 2807 que
284 2729 413 2790 exercitu
433 2751 495 2790 non
514 2732 580 2807 plus
600 2750 690 2806 quam
709 2729 843 2807 quinque
862 2727 976 2788 dierum
998 2727 1086 2787 itera
1106 2727 1208 2804 primis

206 2826 337 2886 hostiurn
368 2849 383 2882 a
407 2849 422 2882 r
453 2825 644 2887 Saturninum
675 2828 836 2887 admouere
867 2827 896 2884 ei
925 2826 1084 2902 placuerat,
1112 2844 1234 2901 paene:

239 2996 255 3042 3
272 2987 402 3042 totumque
413 2980 481 3028 AP:
498 2988 618 3042 totusque
629 2980 764 3028 Haustus:
790 2978 854 3041 pers.
867 2985 957 3028 tutum.
994 2979 1105 3039 denique
1122 2978 1209 3026 Haase

207 3061 222 3105 4
240 3061 274 3094 Lx
292 3045 336 3095 A:
361 3047 403 3094 L'x‘.
421 3045 453 3105 P,
471 3046 591 3094 atBurer
606 3053 650 3093 ‘ex
666 3045 774 3108 uestigiis
789 3051 835 3094 uei.
855 3044 904 3092 cod.
917 3050 1017 3106 apparet
1031 3053 1116 3092 .me
1128 3044 1209 3104 flasse

208 3127 276 3163 eraso
289 3117 315 3156 X
322 3111 464 3174 postenbre'
553 3125 568 3172 5
586 3118 695 3172 quatuor
707 3110 761 3156 ΑΡ
843 3111 859 3155 6
876 3111 919 3170 opi
930 3109 955 3155 A
1043 3123 1073 3155 10
1089 3110 1208 3157 tuebatur

208 3177 313 3227 deletum
333 3179 411 3224 estin
429 3177 455 3224 A
475 3183 531 3224 ante
549 3178 685 3224 timebatur
794 3176 900 3236 ingrem.
920 3174 945 3221 A
1063 3175 1161 3235 pacieb.
1180 3173 1206 3220 A

210 3259 239 3290 12
257 3245 331 3292 huius
349 3243 485 3291 Heinsius:
508 3241 663 3290 cuiusAB:
687 3242 742 3289 eius
759 3240 785 3288 P
889 3255 918 3300 13
935 3238 1075 3300 passumA
1178 3254 1207 3298 14

207 3308 262 3358 Tib.
276 3309 314 3360 P:
332 3309 360 3354 T.
373 3307 399 3354 A
502 3321 531 3368 15
549 3308 656 3356 Catthos
673 3304 727 3353 AP
825 3308 855 3353 16
873 3307 1060 3353 Botohaemum
1072 3304 1113 3356 A:
1134 3305 1209 3352 Boio-

208 3375 326 3424 hoemum
338 3372 364 3420 P
371 3390 378 3422 ι
398 3373 503 3421 duceret
514 3373 571 3422 add.
585 3373 699 3436 Lipsius:
718 3377 777 3434 post
787 3371 855 3433 quod
863 3371 976 3418 Dodwell
986 3371 1103 3417 lacunam
1118 3376 1207 3418 statue-

207 3441 255 3502 bat,
269 3457 320 3503 qua
331 3439 387 3487 belli
395 3440 495 3500 emtum,
509 3455 582 3499 quem
593 3455 651 3486 cum
663 3437 816 3485 Maroboduo
827 3436 934 3484 Tamus
943 3435 1061 3494 habum't,
1074 3435 1209 3484 distinctius

207 3505 383 3561 enar-rauen'tl
397 3519 421 3563 3,
434 3506 491 3566 p.6
508 3504 543 3552 ed.
555 3503 715 3551 Kmusrauae
838 3503 867 3548 18
885 3519 900 3548 a
918 3502 1050 3549 Carnunto
1067 3499 1108 3550 P:
1129 3501 1208 3549 Acar·

207 3580 287 3621 nanto
299 3571 354 3631 del,
368 3568 422 3617 deri:
434 3577 555 3631 suprascr.
565 3568 613 3617 Ac.
623 3567 782 3616 arnumhoA
885 3583 915 3628 19
932 3567 1038 3630 duceret
1049 3566 1074 3613 A
1176 3582 1205 3614 21

207 3639 257 3688 iter
273 3639 333 3686 dum
350 3636 394 3684 A:
414 3635 522 3695 Rumpit
539 3635 674 3694 interdum,
693 3634 822 3681 interdum
839 3648 870 3680 m.
888 3631 1023 3680 Haun'us:
1044 3631 1077 3681 R.
1093 3632 1138 3681 int.
1156 3648 1208 3680 ma-

207 3710 290 3752 turata
308 3719 346 3765 pr.
369 3701 536 3750 Warburton:
552 3699 660 3761 sortasse
677 3699 763 3746 itidem
895 3712 927 3759 ²4
944 3698 1032 3745 aberat
1049 3704 1076 3745 et
1092 3698 1208 3758 legiones

207 3771 283 3818 etiam
301 3783 366 3831 quas
385 3766 507 3828 suppleuit
523 3764 614 3828 Haupt
743 3764 883 3812 admouere
902 3763 926 3810 ei
946 3762 1052 3827 Haupt:
1075 3763 1207 3812 admoueri

206 3834 261 3884 ΑΡ
357 3847 432 3896 poene
444 3847 484 3892 eq.
497 3830 524 3877 A

681 3919 726 3971 119
