3024 4568
622 435 752 493 LIBER
774 436 807 494 11

214 617 367 666 auctorne
389 617 479 666 stator
502 603 631 665 Romani
652 603 782 664 nominis
800 602 931 664 Gradiue
954 606 1044 678 Mars,
1059 616 1214 682 perpetuo-

215 723 339 780 rumque
362 715 461 764 custos
483 707 576 763 Vesta
598 701 710 780 ignium
733 712 763 761 et
785 701 932 778 quidquid
956 701 1113 761 numinum
1136 704 1214 761 hanc

217 800 346 862 Romani
374 800 493 878 imperi
511 802 621 860 molem
649 799 680 858 in
713 792 928 876 amplissimum
961 811 1101 860 terrarum
1135 799 1214 859 orbis

215 898 363 975 fastigium
384 898 494 971 extulit,
517 918 572 958 uos
594 897 713 974 publica
733 917 809 958 uoce
831 898 963 957 obtestor
983 908 1072 975 atque
1093 918 1214 975 precor:

187 1019 200 1065 5
215 995 371 1069 custodite,
387 1007 510 1069 seruate,
527 994 670 1072 protegite
689 998 770 1055 hunc
785 1006 903 1068 statum,
919 998 997 1055 hanc
1011 1015 1125 1073 pacem,
1140 997 1218 1054 hunc

208 1095 379 1170 principem,
395 1093 482 1170 eique
496 1095 599 1152 functo
614 1091 785 1169 longissima
799 1091 925 1151 statione
939 1092 1056 1152 mortali
1070 1091 1215 1152 destinate
1230 1107 1241 1141 2

216 1211 400 1252 successores
420 1211 510 1268 quam
529 1189 700 1263 serissimOS,
716 1191 770 1249 sed
789 1209 849 1262 eos,
866 1209 991 1266 quorum
1010 1189 1140 1250 ceruices
1155 1201 1215 1248 tam

216 1289 328 1349 fortiter
349 1287 523 1348 sustinendo
544 1299 685 1346 terrarum
706 1286 786 1346 orbis
807 1285 931 1364 imperio
953 1286 1106 1360 sufficiant,
1126 1307 1215 1364 quam

217 1385 304 1445 huius
327 1385 477 1445 suffecisse
497 1383 650 1456 sensimus
674 1383 856 1460 consiliaque
878 1383 1012 1443 omnium
1034 1383 1144 1444 ciuium
1166 1395 1216 1443 aut

174 1507 204 1540 10
218 1483 267 1559 pia
282 1504 296 1536 n
313 1503 360 1537 *s

253 1651 265 1682 1
278 1651 307 1684 ac
316 1634 342 1680 B
351 1651 357 1682 τ
366 1634 454 1683 etAP
500 1650 515 1681 2
528 1634 647 1696 quicquid
656 1633 710 1681 ΑΡ
748 1633 926 1682 numinumP:
938 1634 1067 1683 nominum
1074 1636 1139 1683 AB:
1152 1636 1217 1684 hanc

220 1700 479 1762 RomaniPetmatg.
490 1700 516 1747 A
528 1717 534 1748 ε
551 1702 635 1748 honor
646 1700 714 1747 omni
727 1699 777 1746 BA
845 1717 860 1760 4
878 1716 984 1761 praecor
994 1701 1020 1746 A
1075 1715 1091 1761 5
1103 1717 1217 1762 pacemq.

220 1773 245 1827 (q
259 1766 407 1829 inducta)A
492 1766 559 1813 hunc
571 1766 711 1826 pn'ncipem
724 1765 780 1814 add.
794 1763 895 1827 Lipsius
985 1766 1110 1826 7eosP:
1129 1782 1217 1814 eorum
1286 1817 1288 1823 ,

219 1832 244 1877 A
321 1846 351 1879 10
367 1831 495 1878 fortunate
515 1838 558 1878 aut
569 1831 693 1878 scelerata
705 1830 860 1878 frustramini
874 1831 1087 1894 Orellisupplebat.
1126 1832 1218 1880 ‘Vide-

219 1905 261 1943 tur
272 1895 313 1945 hic
325 1912 413 1958 parum
426 1899 518 1944 deesse
530 1896 556 1944 in
567 1898 614 1944 hac
627 1895 831 1957 peroratiuncula
843 1896 939 1944 uotitia.
966 1913 1024 1944 nam
1037 1899 1064 1944 in
1077 1897 1217 1958 exemplari

220 1977 312 2010 uersus
324 1963 420 2023 aliquot
432 1973 504 2009 erant
517 1962 592 2019 erasi,
606 1962 690 2009 forsan
701 1961 732 2008 ab
744 1961 828 2021 aliquo
836 1961 1068 2010 nebulonefacturo
1076 1963 1218 2024 periculum

219 2043 251 2075 an
264 2028 341 2075 illitae
354 2028 508 2075 membranis
520 2034 595 2074 notae
608 2026 721 2088 expungi
733 2025 848 2087 possint’
865 2027 1004 2075 Rhenanus
1102 2028 1164 2076 Post
1174 2036 1218 2076 aut

219 2095 260 2154 pia
271 2093 409 2140 Amenlach
421 2092 515 2140 addidit
525 2094 590 2139 hanc
598 2093 803 2154 subscriptionem,
817 2108 878 2154 quae
889 2093 1031 2154 clauditfol.
1043 2095 1075 2154 36
1086 2110 1102 2140 α

530 2174 617 2223 Tertio
635 2173 690 2222 Eid.
709 2174 775 2234 Aug.
795 2173 909 2222 MDXVI

564 2239 674 2304 Basileie
691 2239 721 2286 In
740 2239 806 2288 edib.
824 2241 878 2288 suis

609 2305 655 2352 Bo.
673 2304 831 2353 Amerbacch

501 2367 598 2431 Θεσμὸν
614 2368 671 2432 ἔρως
688 2370 731 2418 οὐκ
749 2368 798 2418 οἶδε
814 2369 937 2433 βιημάχος

710 2437 743 2529 t
