3010 4520
634 453 960 514 PROLEGOMENA

295 625 487 683 comitabatur
505 622 611 681 cunctas
627 622 658 680 in
677 622 832 701 (suprascr.
845 620 962 700 cinctas)
975 623 1161 681 multitudine
1174 623 1205 681 in
1227 644 1297 682 area

296 730 450 810 (suprascr.
467 726 556 806 aln'a)
573 729 674 786 a'amus
687 747 755 786 saae
768 730 879 787 cultello
892 738 1045 805 percussus
1059 731 1095 801 A,
1111 730 1192 788 unde
1214 729 1299 807 quasi

295 836 388 896 oculis
408 833 548 911 ingeritur
562 833 657 910 qualis
672 833 758 893 fuerit
779 833 803 893 is
823 836 918 894 codex
937 855 1027 911 quem
1042 838 1109 894 Am.
1126 835 1299 895 transcribe-

295 943 354 1014 bat,
374 940 514 1000 uidelicet
535 942 613 999 lectu
636 939 677 999 ita
697 939 824 1000 difficilis
845 951 878 998 ut
899 941 1058 1000 maximam
1080 940 1297 1002 dubitationem

294 1048 350 1126 ipsi
372 1045 506 1119 mouerit,
529 1045 617 1106 nobis
638 1045 783 1106 incertum
801 1046 949 1124 reliquerit
970 1046 1043 1124 quid
1062 1047 1194 1108 Velleius
1216 1050 1299 1107 uolu-

293 1155 367 1229 erit,·
388 1174 458 1213 nam
472 1154 556 1229 quod
575 1156 598 1212 P
617 1154 668 1212 dat
685 1172 758 1228 quaa
776 1173 839 1211 eam
857 1174 879 1212 s.
900 1155 1091 1214 comitabatur
1109 1174 1169 1213 non
1190 1153 1298 1214 certius

293 1272 337 1321 est
357 1280 447 1337 quam
467 1279 595 1336 sequens
616 1261 700 1332 atria,
720 1279 789 1318 cum
810 1259 939 1336 potuerit
960 1263 995 1319 V.
1020 1279 1081 1320 non
1101 1259 1199 1320 minus
1219 1261 1297 1320 bene

292 1366 419 1426 scribere
433 1385 507 1440 quae
521 1371 581 1422 tum
595 1385 659 1422 cam
672 1385 694 1423 s.
710 1365 908 1438 comitabatur,-
924 1375 961 1437 et,
978 1366 1061 1440 quod
1075 1364 1201 1424 restituit
1216 1365 1298 1426 Orel-

277 1492 279 1496 ·
292 1471 356 1545 lius,
369 1491 447 1530 area.
479 1492 524 1548 31.
541 1491 555 1528 2
572 1472 711 1546 usquead
722 1471 988 1547 quinquagesimam
1000 1472 1162 1530 miliariam
1177 1472 1296 1529 amari·

291 1581 369 1654 quad
376 1579 384 1610 ¹
403 1567 430 1639 ζ’
442 1579 619 1655 penetotius
636 1567 717 1636 oeta
732 1585 879 1635 terrarum
898 1578 976 1636 orbis
989 1579 1142 1654 imperium
1162 1579 1218 1636 ani
1233 1579 1298 1636 aim

291 1686 471 1761 deferebatur
486 1687 521 1758 A,
543 1693 573 1742 at
593 1685 616 1742 P
635 1703 654 1740 a
672 1685 752 1742 mari
769 1702 825 1759 qua
844 1691 960 1742 seaancs
977 1686 1039 1744 Cas.
1051 1693 1124 1759 pene
1142 1685 1229 1743 tatius
1243 1691 1296 1742 ler-

293 1771 396 1848 raram
407 1790 490 1848 arbt's.
536 1788 619 1847 Hinc
633 1788 754 1866 colligas
768 1788 799 1847 in
816 1791 977 1865 archetypo
991 1788 1082 1848 fuisse
1097 1791 1202 1862 amari,
1215 1809 1296 1866 prae·

291 1894 440 1972 positione
459 1914 476 1953 a
499 1913 569 1953 casu
589 1914 644 1954 suo
663 1915 725 1954 non
745 1894 892 1971 dirempta
902 1917 911 1969 ;
939 1903 1055 1953 sanatas
1074 1915 1136 1954 non
1149 1895 1193 1955 sic
1207 1898 1296 1973 plene

292 2000 443 2077 scriptum,
456 2001 510 2059 sed
523 2020 576 2077 per
587 2021 678 2059 unam
695 2000 831 2072 litteram,
848 2021 925 2077 quae
940 2001 1098 2060 obscurata
1118 2011 1201 2077 parte
1216 2001 1299 2061 suia'

291 2106 391 2183 potius
405 2105 500 2166 uideri
521 2116 622 2182 posset
633 2127 642 2180 ,·
662 2106 807 2165 consalta²
828 2107 911 2182 quod
931 2105 1025 2165 edidit
1046 2107 1219 2179 Rhenanus,
1243 2127 1296 2184 per

296 2215 350 2274 Cas
359 2215 407 2272 uel
425 2200 452 2273 t?
463 2236 468 2272 :
491 2211 621 2288 denique
632 2211 706 2272 illud
717 2211 936 2272 dubitationem
951 2211 1081 2272 mouisse
1092 2213 1295 2274 Amerbachio

291 2320 369 2378 orbis
383 2327 530 2378 terrama
545 2338 584 2378 an
604 2326 751 2377 terramm
770 2320 846 2378 orbis
859 2318 959 2395 potius
979 2329 1056 2378 esset
1075 2318 1106 2378 in
1124 2321 1293 2397 archetypo.

294 2442 340 2503 55.
361 2447 373 2485 1
394 2428 506 2487 Caesar
524 2426 556 2484 ia
574 2432 727 2502 peruectus
748 2426 780 2484 ia
808 2425 943 2499 Africam
965 2433 994 2483 et
1013 2445 1101 2500 quam
1125 2427 1299 2504 Pompeiani

291 2533 456 2591 abtinebant
480 2533 626 2590 exera'tus.
669 2532 720 2590 Ibi
739 2533 776 2604 A,
802 2532 883 2590 unde
904 2530 983 2590 facili
1004 2531 1175 2591 coniectura
1196 2531 1295 2620 elicias

294 2640 405 2698 Caesar
424 2648 456 2697 ut
471 2645 621 2715 peruecncs
635 2639 666 2696 in
681 2637 749 2712 Afr.
767 2647 819 2710 est,
838 2657 926 2713 qaam
940 2638 1116 2713 Pompeiani
1133 2639 1297 2697 oba'nebant

288 2746 435 2818 exercitas,
451 2745 497 2804 ibi.
528 2747 569 2803 At
592 2745 615 2802 P
633 2741 750 2803 omissis
764 2744 805 2817 ia,
821 2751 850 2800 et
861 2745 962 2802 locum
979 2742 1022 2802 sic
1043 2742 1163 2802 exhibet
1186 2747 1296 2805 Caesar

285 2859 433 2927 peruectus
462 2851 494 2909 ia
515 2850 583 2926 Afr.
610 2870 698 2926 qaam
722 2850 758 2909 P.
783 2869 806 2907 a.
831 2869 852 2907 e.
879 2850 926 2908 ibi.
979 2850 1039 2908 Sed
1069 2869 1105 2908 ex
1132 2852 1293 2927 archetypo

288 2957 418 3018 abfuisse
434 2959 474 3030 in,
493 2965 523 3016 et
540 2956 606 3034 quis
626 2957 748 3016 credat?
784 2955 933 3015 Nimirum
953 2957 1112 3015 emendata
1133 2967 1202 3015 sunt
1217 2977 1294 3034 quae

289 3067 312 3123 P
328 3065 428 3125 dedit:
450 3085 519 3124 uere
540 3065 700 3124 emendata
720 3083 782 3122 non
804 3062 894 3122 dedit.
942 3066 986 3138 76.
1003 3083 1023 3136 4
1029 3063 1188 3140 proximas
1202 3084 1221 3121 a
1239 3068 1294 3127 Cn.

287 3180 423 3256 Pompeia
436 3179 549 3255 t‘psaqm
567 3178 690 3236 Caesare
707 3196 744 3234 ex
757 3176 896 3251 sequestn‘
912 3177 1023 3236 ardtaz‘s
1045 3162 1170 3238 &less
1183 3186 1295 3237 arcanas

321 3333 328 3362 ¹
347 3333 406 3381 Non
419 3339 459 3380 est
470 3349 540 3395 quos,
554 3340 581 3380 ut
593 3331 676 3380 uisum
689 3339 728 3380 est
745 3331 765 3378 F
765 3331 888 3380 echtero:
905 3339 1034 3394 postrema
1046 3333 1139 3396 littera,
1157 3349 1234 3394 quam
1251 3333 1294 3381 ille

286 3432 299 3464 s
320 3414 391 3476 legit,
414 3415 488 3462 dest
508 3416 553 3462 sed
573 3429 624 3462 non
643 3414 721 3461 solito
738 3429 810 3461 more
829 3420 951 3474 exarata3
976 3430 1034 3462 nam
1053 3415 1069 3462 b
1087 3416 1199 3476 quidem,
1222 3414 1294 3462 cuius

286 3497 399 3560 speciem
416 3497 544 3557 quandam
562 3497 657 3545 habere
675 3495 730 3544 uisa
748 3501 788 3543 est
806 3495 825 3544 l.
846 3496 1015 3558 Schneidero,
1036 3496 1185 3558 praeposito
1204 3495 1293 3543 biblio-

286 3581 386 3640 thecae,
399 3578 444 3628 uix
456 3577 552 3640 poterit
564 3593 629 3626 esse.

318 3663 327 3690 ²
346 3662 375 3708 ln
395 3667 467 3709 textu
490 3661 559 3707 edidi
578 3677 626 3722 quo
644 3659 748 3707 decreto:
785 3659 831 3706 sed
854 3659 970 3721 plerique
991 3675 1039 3720 quo
1061 3664 1163 3706 senatus
1185 3659 1294 3706 consulto

289 3740 475 3800 praetulerunt.

762 3820 822 3868 xviii
