2996 4520
606 416 736 475 LIBER
757 417 790 477 11

199 581 356 644 fortissime
374 583 452 644 circa
474 584 624 647 Mutinam
646 585 883 646 administratum
905 597 950 647 est
968 597 1000 648 et
1025 590 1062 647 D.
1088 591 1196 648 Brutus

200 681 357 742 obsidione
378 682 525 744 liberatus.
569 684 719 744 Antonius
741 685 818 763 turpi
837 705 872 746 ac
891 687 973 746 nuda
990 687 1060 764 suga
1076 697 1196 746 coactus

199 779 333 839 deserere
356 779 481 853 Italiam,
501 783 658 841 consulum
681 793 780 841 autem
802 784 875 842 alter
897 782 928 842 in
950 782 1021 857 acie,
1037 785 1110 844 alter
1130 794 1198 861 post

199 895 309 953 paucos
325 876 388 937 dies
403 897 439 937 ex
452 879 575 938 uulnere
589 889 715 938 mortem
729 878 811 939 obiit

171 998 184 1047 5
239 974 350 1035 Omnia
363 987 432 1035 ante
446 996 536 1054 quam
550 979 698 1054 fugaretur
712 977 860 1037 Antonius
875 977 1038 1038 honorifice
1054 998 1072 1037 a
1092 989 1197 1038 senatu
1210 982 1251 1040 6a

198 1071 229 1132 in
244 1074 402 1134 Caesarem
413 1074 633 1152 exercitumque
646 1075 710 1135 eius
721 1078 840 1136 decreta
854 1064 923 1136 sunt
937 1076 1063 1137 maxime
1077 1088 1197 1137 auctore

199 1170 364 1247 Cicerone3
384 1175 438 1233 sed
451 1185 484 1234 ut
498 1173 618 1235 recessit
632 1185 737 1248 metus
748 1174 844 1252 erupit
854 1177 992 1235 uoluntas
1003 1174 1197 1253 protinusque

199 1269 389 1348 Pompeianis
412 1271 544 1348 partibus
566 1272 652 1334 rediit
674 1272 798 1333 animus.
843 1276 936 1334 Bruto
955 1273 1120 1351 Cassioque
1134 1293 1199 1351 pro

199 1365 323 1440 uinciae,
341 1387 414 1444 quas
428 1367 487 1428 iam
502 1368 557 1447 ipsi
572 1369 636 1430 sine
652 1373 714 1430 ullo
733 1381 853 1430 senatus
876 1373 1013 1431 consulto
1035 1390 1225 1447 occupauez

156 1475 273 1537 rorant,
292 1467 436 1539 decretae,
456 1466 567 1528 laudati
590 1467 771 1546 quicumque
792 1489 825 1529 se
845 1468 880 1529 iis
901 1468 1045 1529 exercitus
1066 1468 1200 1528 tradidis

200 1574 274 1636 sent,
290 1564 391 1624 omnia
405 1565 598 1625 transmarina
617 1565 740 1644 imperia
762 1587 865 1627 eorum
888 1566 1048 1628 commissa
1069 1566 1196 1627 arbitrio.

200 1660 311 1739 quippe
340 1665 382 1722 M.
408 1666 517 1724 Brutus
544 1675 574 1724 et
602 1665 636 1726 C.
663 1664 792 1738 Cassius,
816 1685 897 1725 nunc
925 1676 1090 1725 metuentes
1118 1685 1227 1737 arma3

200 1760 322 1834 Antoni,
346 1781 427 1821 nunc
453 1763 493 1822 ad
519 1763 687 1840 augendum
711 1763 774 1823 eius
801 1762 945 1824 inuidiam
971 1762 1142 1823 simulantes
1167 1783 1199 1823 se

200 1869 340 1933 metuere,
366 1859 463 1919 testati
485 1858 590 1920 edictis
614 1859 740 1920 libenter
763 1880 795 1920 se
819 1863 868 1920 uel
892 1859 923 1919 in
947 1871 1091 1938 perpetuo
1111 1858 1199 1919 exilio

158 1974 185 2023 15
200 1943 339 2030 uicturos,
362 1958 435 2016 dum
455 1956 497 2016 rei
517 1956 654 2034 publicae
675 1969 823 2017 constaret
844 1957 1012 2030 concordia,
1030 1977 1087 2017 nec
1107 1959 1197 2016 ullam

200 2054 270 2114 belli
295 2054 390 2115 ciuilis
418 2055 600 2132 praebituros
629 2055 789 2128 materiam,
814 2055 974 2134 plurimum
997 2055 1053 2116 sibi
1077 2055 1198 2116 honoris

199 2173 265 2214 esse
291 2153 323 2212 in
348 2151 530 2213 conscientia
556 2152 625 2212 sacti
653 2151 707 2225 sui,
732 2152 857 2230 profecti
884 2154 957 2213 urbe
985 2163 1074 2230 atque
1103 2152 1196 2225 Italia,

199 2251 314 2312 intento
329 2260 383 2316 ‘sac
396 2250 458 2328 pari
480 2251 581 2311 animo
603 2250 667 2311 sine
691 2252 864 2312 auctoritate
888 2251 1008 2329 publica
1031 2252 1199 2330 prouincias

200 2349 403 2426 exercitusque
426 2359 644 2426 occupauerant
666 2359 704 2421 et,
720 2348 902 2426 ubicumque
921 2348 977 2426 ipsi
996 2361 1102 2422 essent,
1119 2369 1199 2426 prae-

157 2458 332 2508 retexentes
353 2466 418 2506 esse
438 2465 501 2505 rem
521 2444 680 2522 publicam,
696 2445 837 2522 pecunias
854 2445 952 2519 etiam,
969 2466 1046 2523 quae
1059 2466 1095 2506 ex
1109 2458 1199 2506 trans-

200 2543 319 2604 marinis
341 2541 501 2620 prouinciis
525 2543 654 2601 Romam
676 2543 715 2602 ab
738 2542 943 2620 quaestoribus
958 2544 1196 2620 deportabantur,

199 2661 218 2700 a
231 2640 401 2701 uolentibus
415 2650 597 2717 acceperant.
641 2659 717 2716 quae
732 2640 833 2700 omnia
847 2651 966 2700 senatus
980 2640 1105 2700 decretis
1120 2661 1199 2700 com·
1211 2671 1227 2716 4

199 2759 306 2816 prensa
338 2750 368 2799 et
402 2738 595 2815 comprobata
615 2750 698 2797 ¹sunt
731 2749 761 2798 et
793 2741 829 2798 D.
860 2741 961 2810 Bruto,
991 2740 1074 2816 quod
1101 2737 1198 2798 alieno

199 2836 347 2898 beneficio
369 2835 490 2909 uiueret,
514 2837 650 2896 decretus
672 2835 847 2912 triumphus,
869 2840 984 2896 Pansae
1005 2847 1095 2913 atque
1119 2835 1199 2896 Hirti

157 2954 186 3003 25
200 2954 325 3013 corpora
352 2932 472 3011 publica
499 2935 649 3009 sepultura
672 2935 825 3006 honorata,
852 2932 986 2994 Caesaris
1013 2935 1090 2993 adeo
1118 2935 1227 3002 nulla5

200 3031 302 3091 habita
315 3029 436 3104 mentio,
453 3041 486 3090 ut
499 3028 595 3106 legati,
611 3029 662 3106 qui
679 3032 718 3089 ad
737 3029 897 3090 exercitum
917 3029 980 3090 eius
1002 3029 1084 3090 missi
1106 3040 1197 3101 erant,

200 3128 371 3189 iuberentur
403 3139 554 3188 summoto
586 3147 624 3188 eo
659 3127 766 3188 milites
798 3127 917 3206 alloqui.
961 3148 1023 3188 non
1055 3127 1110 3187 fuit
1138 3138 1198 3186 tam

200 3227 330 3304 ingratus
358 3224 509 3298 exercitus,
536 3244 626 3302 quam
650 3226 745 3285 fuerat
769 3236 905 3285 senatus:
938 3244 1007 3284 nam
1036 3244 1104 3284 cum
1133 3243 1198 3284 eam

200 3323 336 3383 iniuriam
358 3321 574 3382 dissimulando
597 3323 707 3383 Caesar
724 3323 819 3394 ferret,
840 3341 987 3398 negauere
1007 3319 1114 3381 milites
1136 3320 1199 3381 sine

235 3482 306 3524 rest
318 3474 395 3523 etP:
415 3473 521 3522 essetA
612 3474 817 3535 4uolnereAP
899 3489 930 3521 ro
946 3489 975 3522 se
988 3474 1037 3523 hiis
1055 3474 1137 3526 seA:
1159 3476 1200 3524 his

200 3556 230 3589 se
241 3540 281 3588 P:
299 3557 327 3588 se
340 3541 370 3588 iis
382 3547 408 3588 et
426 3539 520 3587 Orelli:
534 3554 567 3586 an
580 3539 620 3588 his
637 3545 712 3589 sese?
782 3556 809 3588 11
829 3540 937 3588 comissa
948 3539 974 3587 Α
1043 3539 1150 3602 imperio
1161 3542 1197 3601 A,

201 3605 266 3653 unde
272 3605 354 3652 Halm
362 3606 419 3653 coni.
429 3605 514 3652 omnia
525 3606 691 3653 transmarina
701 3621 789 3653 eorum
799 3621 821 3654 c.
831 3606 939 3666 irnperio
990 3620 1021 3666 13
1032 3606 1141 3654 Antonii
1148 3607 1203 3654 ΑΡ

203 3685 232 3731 15
250 3671 314 3731 reip.
334 3670 461 3718 Gelenius:
479 3685 546 3731 resp.
561 3669 616 3717 ΑΡ
714 3673 744 3719 18
761 3686 791 3719 ac
803 3671 858 3732 pari
869 3669 928 3732 ΑΡ,
943 3671 1032 3718 malim
1044 3687 1092 3719 nec
1104 3673 1199 3733 dispari

151 3750 232 3783 -aa
250 3734 447 3784 anelantibusA
547 3750 580 3796 23
598 3736 643 3799 D.]
658 3736 777 3784 DecioA
877 3752 909 3797 24
928 3735 1007 3784 Hirtii
1017 3736 1072 3784 ΑΡ
1168 3753 1199 3799 27

141 3823 144 3838 ·
202 3800 306 3862 adloqui
318 3801 373 3848 ΑΡ
436 3816 468 3862 29
485 3801 582 3850 Caesar
593 3802 718 3852 Gelenius:
736 3802 840 3850 Caesari
847 3801 915 3851 AP:
933 3802 1029 3850 Caesar
1040 3803 1095 3863 ipse
1107 3802 1189 3850 Halm

685 3929 717 3978 59
