3024 4568
523 429 868 499 COMMENTARIVS
890 441 1088 501 CRITICVS

307 606 486 666 opponuntur
498 599 635 653 maleficia
652 600 795 670 suppliciis
809 601 845 654 ad
860 603 983 656 Herenn.
998 602 1033 656 iv.
1048 603 1071 656 8.
1088 616 1118 655 12
1132 601 1210 670 quod
1219 601 1307 653 ntale-

304 685 400 746 ficium
413 703 474 738 cum
492 687 542 740 hoc
557 688 654 740 scelere
672 692 839 757 comparari,
857 691 934 758 qnod
949 691 1016 744 hnic
1036 690 1171 760 maleficio
1186 691 1308 758 dignum

306 774 474 842 supplicium
488 777 581 842 potest
597 777 747 829 inueniri?
784 778 847 829 Hoc
868 793 918 846 per
935 777 1090 830 chiasmum
1110 776 1150 830 sic
1163 777 1309 830 efferetur:

306 877 387 928 quem
399 863 532 929 spirc‘tnm
545 861 675 915 debuerat
684 860 847 933 [maleficia]
857 865 995 932 supplicio
1002 863 1131 916 reddidit.
1164 863 1309 916 Debuerat

310 947 440 1012 Catilina,
453 947 518 1016 quia
531 947 679 1002 scelestum
700 949 847 1004 consilium
866 950 964 1004 inierat
983 950 1103 1020 patriam
1122 948 1310 1019 opprimendi,

308 1051 342 1087 ex
361 1051 394 1087 eo
414 1034 549 1088 maleficio
569 1036 663 1090 statim
680 1036 768 1090 mori:
793 1035 862 1105 iugit
880 1046 975 1090 tamen
994 1055 1028 1090 ex
1047 1039 1113 1092 urbe
1133 1055 1223 1107 neque
1242 1044 1310 1088 ante

309 1130 432 1174 mortuus
451 1133 493 1175 est
507 1138 590 1190 quam
604 1121 631 1175 in
652 1123 765 1176 Etruria
783 1141 905 1192 pugnam
922 1141 971 1193 pro
990 1124 1116 1193 partibus
1136 1124 1211 1177 ciens
1229 1121 1311 1191 spiri-

308 1217 368 1260 tum
388 1207 476 1261 uictus
492 1226 555 1262 curn
573 1209 629 1263 suis
644 1209 765 1263 reddidit
779 1227 835 1263 non
848 1211 986 1264 maleficio
1002 1212 1051 1265 sed
1068 1211 1175 1280 patriae
1188 1226 1310 1280 poenam

309 1295 438 1349 maleficii
468 1296 601 1350 meditate
632 1315 665 1350 ac
697 1297 802 1351 tardius
831 1297 961 1366 exigenti.
1011 1299 1151 1352 Maleficio
1180 1297 1310 1367 spiritum

309 1383 408 1450 reddit,
431 1383 477 1452 qui
497 1383 592 1437 statim
611 1396 744 1438 necatur:
774 1385 919 1454 supplici0,
942 1385 987 1455 qui
1007 1385 1094 1439 dilata
1113 1396 1209 1452 morte,
1229 1383 1310 1454 quasi

310 1468 339 1524 id
352 1479 451 1538 agente
463 1471 520 1523 lato
533 1481 562 1524 ut
575 1471 685 1540 plenius
699 1459 851 1541 iustiusque
864 1473 1009 1542 plectatur.

346 1559 415 1624 362
434 1569 614 1627 auctoresque
636 1558 791 1612 carminum
810 1561 966 1613 Varronem
986 1578 1019 1614 ac
1043 1560 1198 1614 Lucretium
1221 1574 1313 1628 neque

310 1646 366 1698 ullo
380 1645 408 1697 in
421 1645 539 1713 suspecti
553 1646 645 1714 operis
659 1647 700 1699 sui
715 1646 838 1700 carmine
851 1647 986 1701 minorem
998 1649 1146 1701 Catullum.
1159 1648 1197 1700 A.

348 1733 411 1785 Hoc
424 1742 483 1785 tam
502 1733 676 1786 conclamato
689 1733 717 1787 in
730 1736 791 1787 loco
810 1751 895 1787 unum
912 1745 954 1788 est
967 1734 997 1787 in·
1015 1735 1090 1804 quod
1107 1733 1227 1804 plurium
1244 1749 1314 1786 con·

311 1819 416 1888 spirent
434 1818 552 1887 iudicia;
573 1837 640 1873 nam
658 1820 732 1890 quod
749 1821 862 1890 protulit
880 1820 989 1890 Lipsius
1008 1824 1134 1891 suscepti,
1153 1822 1182 1875 id
1201 1836 1314 1873 summo

311 1923 449 1960 consensu
470 1906 613 1974 Heinsius,
628 1909 787 1978 Markland,
806 1909 953 1974 Ruhnken,
973 1909 1068 1976 Orelli,
1083 1909 1210 1976 Maduig,
1226 1908 1315 1960 Halm

311 2005 493 2062 receperunt;
522 2005 551 2048 ut
574 1994 619 2048 uix
643 1995 767 2050 dubitem
791 1994 886 2049 Arturi
918 1997 1029 2049 Palmer
1057 1995 1245 2049 coniecturam
1270 1995 1315 2046 in·

311 2084 432 2150 suspecti
441 2081 553 2148 reicere,
564 2100 627 2136 curn
640 2100 723 2136 nemo
736 2093 871 2148 ueterum,
880 2084 954 2152 quod
968 2082 1062 2150 sciam,
1073 2081 1217 2137 tradiderit
1229 2080 1315 2134 luisse

312 2168 340 2221 in
356 2169 457 2221 Catulli
471 2168 639 2223 carminibus
657 2187 728 2238 quae
745 2169 844 2223 iniuria
857 2171 893 2224 ad
906 2187 970 2223 eum
987 2171 1161 2223 referrentur.
1197 2167 1316 2221 Traubii

313 2265 407 2308 autem
421 2255 653 2323 emendationem,
666 2273 753 2324 neque
771 2258 830 2309 ullo
843 2259 902 2309 nisi
918 2259 1051 2310 succincti
1065 2259 1156 2326 operis
1172 2257 1316 2308 uolumine

312 2344 448 2394 minorem
464 2343 615 2410 Catullum,
628 2344 665 2396 ad
678 2361 791 2397 sensum
805 2344 947 2413 optimam,
960 2345 1009 2398 sed
1018 2345 1166 2398 uerborum
1177 2352 1316 2396 structura

313 2430 396 2498 paulo
411 2429 623 2498 impeditiorem,
641 2431 767 2483 nondum
785 2431 876 2484 audeo
896 2432 1026 2500 recipere,
1042 2441 1137 2501 utpote
1150 2449 1167 2484 a
1180 2429 1317 2499 scriptura

314 2516 509 2570 Murbacensis
522 2516 604 2570 nimis
619 2516 776 2571 distantem.

317 2676 320 2684 ‚
352 2604 533 2658 Credideram
552 2603 617 2657 olim
632 2605 767 2659 Velleium
788 2605 962 2674 significasse
979 2606 1118 2659 Catullum
1136 2621 1246 2673 semper
1263 2603 1317 2656 sibi

313 2693 458 2761 aequalem
471 2702 499 2745 et
512 2692 613 2762 ubique
631 2693 806 2763 aequabilem
820 2693 917 2760 uideri,
931 2693 1143 2763 scribebamque
1156 2709 1243 2760 neque
1255 2691 1318 2743 ulla

314 2782 344 2832 in
357 2781 477 2848 suscepti
491 2782 582 2849 operis
593 2783 641 2832 sni
657 2791 735 2849 parte
752 2798 781 2834 se
800 2782 935 2832 minorem
954 2781 1115 2833 Catullum:
1135 2789 1234 2848 postea
1253 2795 1317 2832 cum

313 2867 501 2935 intellegerem
515 2867 728 2936 Wopkensium,
746 2867 824 2921 cuius
842 2865 943 2919 iudicio
961 2869 1078 2920 multum
1096 2883 1205 2935 semper
1224 2863 1318 2932 tribui,

314 2955 354 3008 sic
367 2954 577 3023 interpretatum
592 2955 747 3008 ‘Catullum
761 2955 789 3006 in
802 2954 878 3007 nullo
895 2953 1018 3008 carmine
1032 2954 1124 3022 operis
1138 2953 1179 3006 sui
1192 2955 1318 3008 Varrone

314 3061 347 3097 ac
367 3041 496 3096 Lucretio
517 3041 600 3095 luisse
622 3041 775 3111 minorem,'
798 3058 889 3110 neque
911 3051 1013 3106 tamen,
1033 3040 1056 3094 si
1075 3040 1318 3109 Epigrammatum

315 3131 417 3183 bonam
440 3139 548 3198 partem
568 3129 736 3196 consideres,
756 3147 838 3198 posse
859 3129 888 3182 id
910 3146 974 3182 uere
996 3129 1032 3182 de
1054 3146 1087 3180 eo
1110 3127 1175 3194 dici,
1198 3125 1318 3180 indicaui

315 3217 413 3271 uitium
433 3218 547 3270 subesse
567 3216 594 3269 in
614 3215 667 3282 illo,
687 3217 762 3286 quod
782 3216 864 3269 nimis
883 3217 995 3284 languet
1011 3215 1169 3285 repetitum,
1186 3216 1319 3279 carmine,

315 3315 342 3360 et
356 3322 406 3374 pro
416 3305 468 3358 hoc
477 3307 620 3358 conamine
629 3304 829 3373 reponendum.
856 3305 1033 3372 Quamquam
1044 3303 1119 3357 enim
1130 3301 1203 3356 inter
1217 3301 1318 3355 Catulli

316 3393 521 3462 epigrammata
533 3409 589 3445 non
604 3408 692 3460 pauca
706 3401 770 3444 sunt
783 3408 855 3460 quae
871 3390 1007 3444 minorem
1020 3408 1084 3444 eum
1099 3389 1228 3443 Lucretio
1241 3387 1319 3442 euin·

317 3491 389 3545 cant,
402 3480 551 3550 praecipue
565 3479 587 3532 si
601 3497 634 3532 ex
648 3479 782 3547 dignitate
796 3477 926 3531 carminis
944 3488 1027 3547 poeta
1039 3477 1208 3543 aestimetur,
1222 3493 1318 3530 uerum

316 3580 411 3622 tamen
425 3578 515 3622 estne
528 3568 556 3619 in
570 3565 789 3635 Epigrammatis
802 3565 923 3634 quidem,
938 3565 960 3618 si
974 3565 1104 3618 uniuersa
1117 3574 1227 3633 spectes
1239 3561 1319 3633 quasi

317 3673 402 3709 unam
417 3665 526 3724 partem
542 3652 716 3707 conficientia
734 3651 865 3721 corporis,
879 3652 956 3706 cuius
971 3652 1093 3721 reliquae
1109 3662 1203 3720 partes
1217 3649 1319 3704 suerint

318 3742 425 3811 Lyrica,
444 3741 633 3811 Epithalamia
650 3757 714 3794 cum
732 3739 837 3805 Atrine,
857 3739 995 3808 Epyllion,
1015 3731 1140 3806 Elegiae,
1160 3756 1222 3792 esse
1241 3737 1319 3807 quid·

317 3848 403 3902 quam
422 3847 523 3884 causae
542 3827 690 3898 quominus
708 3826 828 3881 Varroni
848 3827 968 3880 Atacino
991 3837 1018 3881 et
1039 3825 1166 3880 Lucretio
1185 3827 1321 3880 habeatur

798 3925 843 3990 156
