2996 4520
500 451 503 456 ·
568 422 724 482 VELLEI
747 421 987 483 PATERCVLI

284 588 475 650 memorabile
489 590 546 650 sub
559 588 642 650 initia
656 589 870 667 stipendiorum
879 611 1014 651 meorum
1025 589 1144 651 tribuno
1155 589 1282 651 militum

256 695 357 768 gmihi
371 695 465 756 uisere
485 694 624 773 contigit:
646 716 736 773 quem
756 694 877 755 militiae
897 697 1022 772 gradum
1041 707 1110 754 ante
1129 695 1186 755 sub
1199 704 1282 772 patre

283 804 343 866 tuo,
361 795 403 852 M.
420 791 527 865 Vinici,
543 803 573 853 et
588 796 618 852 P.
636 792 708 853 Silio
721 792 889 870 auspicatus
904 793 934 853 in
949 792 1077 852 Thracia
1092 791 1282 853 Macedonia-

282 911 350 968 que,
374 911 444 951 mox
467 890 581 951 Achaia
605 890 736 969 Asiaque
760 903 789 952 et
811 891 951 952 omnibus
973 894 1012 952 ad
1036 891 1188 952 Orientem
1210 890 1282 951 uisis

282 987 442 1067 prouinciis
464 1000 494 1048 et
514 1009 565 1048 ore
585 998 675 1066 atque
696 999 822 1066 utroque
843 988 931 1048 maris
949 987 1066 1049 Pontici
1086 990 1185 1061 latere,
1200 990 1309 1048 haud5

281 1087 445 1147 iniucunda
458 1098 503 1147 tot
517 1108 622 1160 rerum,
635 1089 777 1160 locorum,
790 1086 931 1165 gentium,
944 1086 1061 1147 urbium
1077 1087 1281 1148 recordatione

282 1189 421 1264 perfruor.
465 1185 544 1263 prior
562 1187 687 1246 Parthus
706 1189 787 1263 apud
802 1185 911 1246 Gaium
930 1185 961 1245 in
980 1197 1081 1246 nostra
1100 1185 1170 1263 ripa,
1186 1197 1283 1263 poste-

283 1285 341 1347 rior
354 1284 403 1344 hic
418 1287 498 1362 apud
512 1305 611 1362 regem
626 1283 655 1343 in
671 1284 771 1344 hostili
785 1288 920 1362 epulatus
935 1296 987 1344 est.

212 1399 271 1444 102
325 1385 395 1460 Quo
416 1395 550 1462 tempore
575 1386 617 1444 M.
638 1385 723 1458 Lolli,
747 1405 837 1462 quem
866 1385 959 1446 ueluti
991 1387 1208 1447 moderatorem
1241 1382 1282 1443 iu-

282 1493 390 1542 uentae
420 1481 472 1542 filii
507 1482 553 1570 sui
587 1486 739 1561 Augustus
776 1503 841 1543 esse
878 1485 1020 1555 uoluerat,
1059 1482 1214 1560 perfidiam
1252 1493 1281 1542 et
1296 1513 1326 1548 ιο

281 1582 370 1658 plena
392 1579 511 1641 subdoli
532 1601 568 1640 ac
589 1580 699 1641 uersuti
720 1581 811 1640 animi
836 1581 967 1654 consilia,
993 1602 1045 1658 per
1077 1583 1219 1641 Parthum
1240 1579 1282 1639 in-

282 1676 381 1738 dicata
409 1677 528 1739 Caesari
560 1680 639 1738 fama
671 1678 820 1756 uulgauit:
852 1678 936 1738 cuius
966 1699 1045 1740 mors
1070 1678 1146 1739 intra
1170 1699 1282 1757 paucos

283 1773 346 1834 dies
383 1774 502 1834 fortuita
532 1795 571 1834 an
609 1775 775 1835 uoluntaria
805 1775 891 1835 fuerit
927 1775 1038 1854 ignoro.
1104 1779 1157 1838 sed
1192 1797 1281 1854 quam

283 1874 364 1931 hunc
391 1871 553 1932 decessisse
584 1872 683 1932 laetati
712 1871 857 1946 homines,
887 1885 947 1933 tam
974 1875 1065 1951 paulo
1092 1886 1160 1952 post
1185 1874 1282 1936 obisse

284 1971 484 2033 Censorinum
514 1971 544 2030 in
579 1971 685 2032 iisdem
717 1961 877 2050 prouinciis
911 1973 1038 2050 grauiter
1072 1973 1138 2034 tulit
1170 1974 1280 2048 ciuitaS,
1298 2001 1326 2053 15

171 2137 174 2146 Ι
256 2100 267 2135 2
284 2068 380 2128 uirum
400 2069 587 2131 demetendis
609 2070 780 2131 hominibus
799 2071 940 2149 genitum.
983 2071 1156 2133 Armeniam
1174 2073 1283 2134 deinde

288 2168 383 2228 Gaias
403 2167 550 2245 ingressus
572 2169 666 2245 prima
686 2182 768 2247 parte
789 2170 924 2231 introitus
943 2191 1082 2248 prospere
1101 2192 1160 2230 rem
1177 2169 1266 2248 gessit
1276 2192 1285 2244 ;

286 2283 355 2323 mox
382 2263 413 2324 in
441 2265 600 2344 colloquio,
630 2266 678 2326 cui
706 2287 738 2327 se
765 2279 875 2328 temere
900 2268 1072 2342 crediderat,
1102 2266 1179 2328 circa
1203 2272 1285 2328 Arta-

286 2381 385 2438 geram
417 2363 544 2439 grauiter
573 2384 591 2424 a
623 2367 766 2440 quodam,
794 2365 916 2426 nomine
948 2369 1069 2439 Adduo,
1104 2369 1282 2439 uulneratus,

286 2479 379 2520 exeo
403 2471 436 2519 ut
460 2481 567 2538 corpus
590 2461 688 2521 minus
713 2461 820 2535 habile,
843 2462 883 2522 ita
904 2463 1038 2523 animum
1063 2463 1161 2523 minus
1182 2463 1284 2523 utilem
1299 2493 1331 2528 ιο

258 2556 328 2634 3rei
348 2557 486 2634 publicae
507 2560 617 2619 habere
639 2559 744 2636 coepit.
788 2581 844 2620 nec
868 2560 963 2620 defuit
985 2561 1171 2621 conuersatio
1183 2560 1285 2638 ,homi-

286 2675 359 2713 num
381 2653 452 2714 uitia
473 2655 535 2716 eius
552 2657 758 2717 adsentatione
775 2657 917 2716 alentium
934 2657 1056 2737 (etenim
1073 2678 1190 2736 semper
1209 2679 1286 2736 mag·

286 2743 344 2812 nae
367 2754 502 2814 fortunae
530 2775 631 2814 comes
653 2757 738 2816 adest
761 2754 914 2834 adulatio),
939 2776 991 2832 per
1013 2776 1090 2833 quae
1114 2777 1151 2817 eo
1179 2759 1285 2819 ductus

323 2925 334 2956 1
353 2909 379 2955 in
390 2909 416 2956 A
437 2910 536 2957 anducta
547 2916 583 2958 est
589 2912 675 2972 perena
687 2913 764 2960 ls'ttera
776 2928 800 2959 m
815 2912 834 2974 (l
847 2913 884 2971 inl
898 2913 1012 2960 uocabuli
1021 2929 1136 2961 meorum
1216 2930 1232 2975 3
1249 2914 1282 2964 M.

287 2973 370 3022 Vinici
381 2973 440 3035 ΑΡ,
454 2975 497 3021 sed
506 2975 589 3023 Burer
597 2977 726 3024 adnotaue't
736 2978 920 3025 Mardacensem
935 2980 970 3025 sic
983 2979 1068 3026 habere
1079 2985 1107 3026 ut
1113 2979 1198 3041 polius
1209 2980 1285 3042 legeu-

288 3039 350 3086 dum
362 3040 509 3087 existimaret
523 3041 558 3089 M.
570 3041 669 3090 Vinicio
752 3059 767 3103 4
785 3044 846 3091 uisis
857 3043 924 3092 AP:
944 3044 1022 3091 ‘aleas
1039 3043 1114 3092 usus'
1132 3046 1286 3094 Rhenanus:

281 3104 390 3165 seruasse
400 3120 498 3168 uersus,
514 3106 690 3156 utBothecom'.
760 3109 929 3169 7GaiumA:
946 3110 1068 3157 CaiumP
1130 3127 1147 3172 9
1165 3111 1290 3159 LolllAP

288 3170 409 3218 iuuaentae
423 3170 449 3217 A
520 3187 550 3219 ro
567 3173 676 3233 perfidia
686 3173 723 3233 A,
737 3173 805 3234 quod
813 3175 916 3222 conexi:
933 3176 1032 3235 perfida
1048 3175 1074 3222 P
1139 3193 1168 3224 ra
1181 3178 1286 3226 Caesari

288 3235 355 3283 fama
372 3253 395 3284 u.
413 3236 529 3298 Lipsius:
547 3238 666 3287 Caesaris
676 3239 725 3286 iam
737 3240 867 3300 auulgauit
881 3240 940 3288 ΑΡ.
975 3241 1041 3290 Ple'n.
1054 3241 1090 3290 Η.
1109 3241 1233 3304 N.9.118
1246 3244 1286 3291 hic

289 3308 328 3348 est
347 3302 494 3362 rapinarum
515 3304 605 3360 exitus,
626 3305 674 3352 hoc
691 3305 738 3352 suit
760 3321 838 3365 quare
863 3306 896 3354 M.
922 3307 1019 3354 Lollius
1041 3307 1176 3356 infamatus
1198 3324 1287 3368 regum

288 3368 435 3415 muneribus
448 3368 473 3414 in
486 3375 540 3416 toto
553 3369 660 3417 Oriente
673 3371 808 3418 interdicta
820 3372 951 3419 amicitiaa
961 3373 988 3420 C.
997 3373 1108 3420 Caesare
1115 3374 1226 3434 Augusti
1235 3375 1286 3422 filio

289 3447 417 3480 uenenum
429 3433 529 3481 biberet
597 3451 626 3494 13
644 3436 721 3483 suerit
742 3437 841 3497 dignior
858 3437 902 3485 A:
921 3438 997 3485 suerit
1016 3439 1107 3499 ignoro
1127 3439 1167 3488 P:
1179 3440 1289 3500 fortasse

289 3497 394 3546 fortuita
406 3515 439 3546 an
452 3499 595 3547 uoluntaria
606 3501 681 3549 fuerit
689 3503 824 3562 indignior,
836 3504 924 3551 nescio
993 3519 1022 3563 14
1039 3504 1166 3552 obiisseA
1178 3523 1183 3552 ε
1202 3507 1287 3554 odisse

290 3564 423 3625 marg.A:
441 3565 526 3612 obisse
544 3565 570 3612 P
641 3582 670 3628 17
689 3567 768 3615 Gaius
786 3568 841 3617 add.
861 3569 961 3616 Krause
1032 3585 1086 3617 rem
1098 3570 1153 3618 add.
1168 3571 1288 3618 Hansius

293 3630 323 3675 18
340 3630 475 3691 conloquio
490 3631 616 3681 Gelenius:
635 3634 796 3693 conloquium
809 3634 876 3694 (coll.
890 3634 929 3695 A)
950 3633 1005 3681 AP
1085 3651 1143 3682 cum
1165 3644 1287 3699 suprascr.

290 3694 330 3740 cui
341 3693 367 3741 A
457 3697 584 3757 Artagera
599 3697 713 3746 Muretus
725 3715 755 3746 ex
767 3700 868 3747 Zonara
877 3708 905 3763 p.
920 3715 969 3762 539
980 3700 1022 3748 D:
1045 3700 1196 3762 Artageram
1208 3700 1289 3749 uindi-

290 3759 355 3806 eauit
369 3759 479 3809 Thomas
485 3769 513 3824 p.
527 3777 557 3810 ra
635 3779 666 3824 23
684 3780 769 3813 comes
781 3771 820 3813 est
830 3764 857 3812 A

770 3921 815 3956 112
