3024 4568
512 417 858 478 COMMENTARIVS
881 419 1079 480 CRITICVS

208 609 210 618 <
297 585 409 642 sedibus
435 585 491 640 suis
511 595 594 656 atque
616 585 642 639 in
665 584 793 640 inferiora
814 586 953 656 refugiens
973 586 1000 642 in
1019 587 1125 643 cinctos
1148 589 1298 645 Herciniae

297 676 383 732 siluae
397 693 511 747 campos
524 673 672 730 incolebat.
686 678 723 730 A.

334 765 511 818 Maroboduo
522 765 557 818 P.
594 762 722 818 inferiora
734 767 818 818 etiam
830 765 873 819 P:
894 763 1023 819 interiora
1038 766 1175 820 Gelenius.
1224 768 1297 820 Her-

297 851 377 922 cynia
391 851 460 906 silua
472 853 617 918 Heinsius,
630 853 665 905 K
662 855 726 918 rite,
740 853 865 906 Milkau.
932 851 1038 907 cinctos
1051 855 1162 920 Novdk‚
1176 853 1203 908 in
1216 861 1298 908 ratus

295 940 341 994 ltic
352 947 386 996 ut
396 943 475 1009 saepe
487 941 561 993 alias
572 942 603 993 in
615 940 799 993 Murbaeensi
809 942 906 993 uitiose
918 941 1054 994 additum.

334 1028 437 1081 Novak
456 1044 504 1080 cur
523 1026 648 1082 datiuum
667 1036 731 1097 post
750 1029 856 1080 cinctus
874 1044 930 1080 non
952 1026 1101 1095 retinuerit,
1123 1028 1234 1084 nescio:
1257 1028 1297 1084 sic

297 1119 378 1186 Prop.
398 1115 431 1169 iii.
449 1118 474 1171 6.
488 1131 523 1184 30
541 1117 691 1185 Cinctaque
699 1119 818 1188 funesto
838 1117 922 1170 lanea
943 1119 1018 1170 uitta
1037 1120 1101 1171 uiro
1121 1117 1168 1171 ubi
1188 1121 1297 1188 cingere

296 1208 399 1260 uittam
411 1207 475 1258 uiro
487 1204 588 1272 eodem
600 1205 685 1260 modo
697 1203 803 1259 dictum
816 1215 859 1258 est
871 1221 925 1274 quo
939 1203 1053 1258 induere
1067 1206 1111 1258 uel
1125 1205 1296 1261 circumdare

296 1291 428 1347 amictum
441 1290 529 1346 alicui.
556 1294 594 1346 Et
605 1302 699 1346 tamen
712 1295 844 1346 incinctos
856 1291 948 1361 potius
958 1310 975 1346 a
986 1294 1131 1347 Paterculo
1143 1294 1296 1363 profectum

297 1380 389 1446 cred0,
409 1379 484 1449 quod
500 1396 591 1448 neque
610 1389 668 1433 tam
691 1378 801 1433 difficile
822 1396 856 1432 ac
878 1377 1016 1449 poeticum
1037 1378 1080 1446 sit,
1099 1390 1127 1434 et
1146 1391 1241 1450 aperte
1260 1382 1296 1435 ad

296 1477 463 1522 structuram
477 1465 554 1521 uerbi
566 1467 739 1520 circumdari
750 1465 955 1520 accommodari
967 1465 1094 1536 potuerit.
1127 1467 1297 1522 Huiusmodi

297 1552 467 1608 inuersiones
491 1563 568 1607 amat
591 1552 739 1622 praecipue
757 1552 930 1622 Propertius:
960 1552 999 1607 sic
1015 1553 1040 1606 ii.
1049 1569 1072 1620 4.
1088 1567 1101 1623 5
1116 1556 1296 1624 Nequiquam

290 1642 410 1712 perfusa
426 1643 494 1694 meir
508 1646 653 1710 unguenta
671 1641 790 1710 capillis,
803 1657 867 1695 cum
885 1639 1003 1695 usitatus
1020 1652 1093 1696 esset
1106 1643 1234 1712 profusos
1247 1661 1296 1698 un·

295 1729 405 1800 guentis
419 1729 532 1800 capillos
545 1729 644 1783 dicere.

312 1820 414 1886 '1091
437 1818 545 1886 Corpus
565 1833 646 1870 suum
665 1815 791 1870 custodia
812 1824 872 1869 turn
894 1815 1039 1885 imperium
1060 1817 1200 1887 perpetuis
1219 1835 1297 1872 exer-

296 1903 365 1958 citiis
379 1921 468 1973 paene
480 1904 517 1958 ad
537 1905 682 1957 Romanae
701 1901 863 1973 disciplinae
880 1903 997 1958 formam
1016 1904 1161 1958 redactum
1178 1904 1256 1959 breui
1269 1905 1296 1958 in

296 1991 420 2046 eminens
441 2000 469 2046 et
494 2001 589 2046 nostro
613 2009 725 2061 quoque
750 1988 864 2061 imperio
889 1989 1043 2045 timendum
1067 1991 1194 2062 perduxit
1218 1992 1296 2048 sasti-

295 2077 381 2147 gium.
392 2078 431 2131 A.

334 2169 365 2220 ln
390 2168 451 2219 loco
477 2165 637 2220 difficillimo
660 2183 747 2219 unum
772 2163 876 2234 optime
905 2164 1048 2219 inuentum
1069 2165 1151 2222 uideo
1173 2165 1201 2220 in
1221 2167 1297 2236 quod

295 2256 440 2325 Wopkens
454 2265 481 2308 et
499 2255 574 2309 Kritz
591 2253 759 2324 conspirant,
772 2257 872 2324 corpur
888 2257 991 2323 r'rnperi
1004 2252 1206 2309 restituendum
1224 2273 1294 2310 esse.

297 2345 361 2397 Sen.
372 2344 408 2397 de
422 2345 508 2398 Clem.
520 2342 544 2396 ii.
556 2359 572 2397 a
586 2344 728 2396 Tradetur
737 2345 793 2396 ista
805 2345 898 2396 aninri
907 2345 954 2395 tui
963 2345 1147 2396 mansuetuda
1159 2345 1296 2412 dzffunrrb·

295 2438 397 2500 turque
408 2431 553 2501 paulatim
567 2434 718 2500 peremne
735 2431 851 2501 imperii
867 2433 975 2500 corpur.
1013 2432 1079 2484 Tac.
1093 2430 1168 2484 Hist.
1181 2430 1198 2484 i.
1214 2433 1245 2486 16
1262 2433 1299 2486 Si

294 2521 451 2573 inmensum
469 2520 584 2589 imperii
601 2521 699 2588 corpus
716 2522 791 2571 stare
806 2520 904 2586 posset.
942 2517 964 2568 F
966 2517 1014 2570 lor.
1028 2515 1062 2570 iv.
1077 2532 1100 2584 3.
1116 2529 1129 2586 5
1144 2519 1297 2588 Augustus

289 2609 453 2676 perculsum
477 2607 601 2674 undique
624 2611 652 2657 et
669 2605 868 2675 perturbatum
888 2602 1035 2656 ordinauit
1055 2605 1170 2673 imperat
1187 2610 1294 2675 corpus.

296 2694 353 2748 Sed
378 2711 433 2747 non
458 2711 522 2748 cum
547 2690 650 2747 K'ritzio
674 2710 757 2746 suum
781 2690 906 2744 custodia
925 2697 986 2744 tum
1002 2689 1040 2744 ‚in
1060 2695 1109 2745 sui
1126 2693 1295 2746 custoditum

295 2782 410 2850 retingo,
429 2781 487 2848 sed,
506 2798 561 2850 quo
582 2779 673 2850 potius
693 2789 721 2834 et
740 2777 879 2833 sententia
896 2778 973 2832 ducit
991 2787 1019 2831 et
1037 2779 1254 2850 palaeographia
1267 2779 1294 2833 in

294 2871 343 2922 sui
358 2868 567 2923 incustoditum.
616 2869 803 2937 Opponuntur
827 2875 953 2934 tempora
977 2865 1096 2919 alterum
1121 2884 1176 2936 quo
1199 2870 1295 2921 Maro-

294 2957 404 3011 boduus
425 2955 523 3026 imperi
543 2955 586 3010 sui
605 2972 706 3026 corpus
731 2953 928 3008 incustoditum
953 2964 1036 3023 atque
1059 2953 1120 3008 ideo
1143 2954 1295 3012 inualidum

294 3042 409 3112 reliquit,
431 3044 548 3096 alterum
573 3059 628 3112 quo
654 3045 844 3095 Romanorum
869 3039 1038 3094 exercituum
1062 3039 1185 3096 'unitatus
1210 3041 1294 3096 disci-

294 3132 398 3202 plinam
412 3134 540 3187 Romano
560 3131 587 3185 id
604 3130 719 3200 imperio
732 3148 820 3200 paene
834 3129 1009 3200 adaequauit.
1046 3132 1079 3184 ld
1092 3131 1181 3185 effecit
1194 3131 1294 3186 milites

295 3237 360 3274 suos
373 3238 429 3274 non
443 3218 616 3286 dimittendo,
628 3235 738 3288 semper
750 3218 911 3284 exercendo,
925 3227 955 3271 ut
968 3227 1081 3287 paratos
1095 3220 1131 3272 ad
1145 3236 1294 3289 quaecum·

294 3325 348 3379 que
362 3309 452 3372 uellet,
465 3308 589 3362 haberet.

331 3395 427 3466 [Quod
436 3397 539 3450 habent
549 3397 607 3450 ΑΡ
616 3395 741 3449 custodia
752 3399 822 3462 tum,
835 3391 923 3464 potuit
936 3393 964 3447 id
977 3392 1090 3464 quidem
1102 3411 1136 3448 ex
1149 3395 1209 3447 sola
1222 3394 1294 3448 solu·

293 3481 367 3537 tione
380 3483 457 3537 uerbi
470 3484 638 3536 custoditum
652 3481 718 3549 fieri,
732 3479 886 3534 cuiusmodi
896 3479 1014 3550 plurima
1025 3479 1051 3534 in
1062 3479 1204 3534 codicibus
1214 3499 1293 3551 repe·

293 3569 408 3624 riuntur.
446 3571 503 3625 Sed
513 3560 588 3624 haud
599 3568 655 3623 scio
664 3586 700 3622 an
713 3586 769 3622 non
782 3567 873 3638 potius
887 3568 915 3621 in
929 3567 980 3621 illis
999 3569 1083 3622 lateat
1093 3570 1293 3622 incustoditum

293 3663 389 3724 ante3
408 3667 484 3711 certe
497 3658 551 3710 hoc
564 3655 671 3710 adiecto
685 3656 785 3710 clarius
798 3673 843 3709 res
857 3653 1030 3723 ostenditur]

329 3761 385 3812 109
398 3760 415 3812 4
433 3762 486 3798 nec
499 3761 625 3798 securam
638 3740 803 3812 ingrementi
817 3741 940 3808 (increm.
953 3743 990 3811 P)
1005 3741 1046 3795 sui
1059 3742 1222 3811 paciebatur
1233 3761 1295 3798 esse

294 3829 403 3885 ltaliam
423 3829 523 3900 quippe
542 3848 603 3884 cum
619 3829 764 3884 asummis
782 3827 895 3898 Alpium
915 3827 984 3898 iugis
1004 3846 1076 3900 quae
1096 3831 1181 3884 finem
1199 3829 1296 3885 Italiae

772 3925 819 3992 176
