3024 4568
406 422 453 480 IN
475 417 696 478 VELLEIVM
718 419 1006 479 PATERCVLVM

210 603 358 659 terminant
383 603 488 659 initium
514 603 617 660 tcuius
643 602 738 657 finium
757 604 833 657 haud
852 603 940 657 multo
959 603 1022 672 plus
1044 620 1075 657 cc
1096 602 1207 657 milibus

209 710 323 762 passum
336 692 453 746 abesset.
466 693 504 746 Α.

244 779 303 834 eius
315 782 349 833 P.

246 853 346 921 Inepta
370 852 519 906 uerborum
544 850 682 906 aceruatio
706 851 810 920 quippe
831 868 933 904 cum..
948 853 1049 904 .cuius
1066 851 1107 905 sic
1126 849 1207 904 uitari

209 939 318 1008 poterit,
334 941 436 1009 quippe
455 957 536 992 cum.
551 980 557 993 .
572 980 578 993 .
591 941 706 992 anitium
727 937 807 992 huius
816 939 925 1009 finium
938 978 944 991 .
958 977 965 990 .
978 977 985 990 .
998 939 1116 1004 abesset3
1141 955 1208 992 nam

209 1027 295 1092 cuius,
314 1025 401 1079 huius
419 1042 476 1078 non
495 1043 557 1080 raro
577 1035 768 1096 permutantur
787 1023 814 1078 in
833 1024 984 1089 codicibus,
998 1036 1028 1079 ut
1048 1025 1074 1078 in
1093 1023 1208 1080 Somnio

208 1111 345 1182 Scipionis
360 1113 407 1179 (de
421 1115 491 1181 Rep.
505 1111 539 1165 vi.
558 1127 598 1166 22.
612 1111 658 1182 24)
672 1112 719 1166 ubi
737 1115 817 1166 cuius
834 1123 876 1166 est
892 1112 921 1165 in
934 1115 963 1166 E
977 1111 1167 1181 (Monacensi)
1180 1125 1208 1166 et

208 1200 283 1269 apud
298 1200 432 1267 Macrob.‚
445 1199 531 1253 huius
543 1199 571 1252 in
581 1199 694 1269 reliquis
707 1209 838 1268 quattuor
852 1198 965 1252 Halmii.

244 1303 291 1340 110
307 1300 318 1338 1
341 1285 456 1356 Rumpit
469 1285 519 1340 iter
531 1287 598 1340 dum
612 1285 763 1356 (interdum
775 1281 812 1351 P)
826 1296 951 1340 moratur
963 1285 1105 1355 proposita
1117 1285 1207 1340 homi-

207 1391 274 1426 num
286 1373 403 1427 fortuna.
416 1374 455 1426 A.

245 1459 307 1514 Etsi
326 1461 393 1515 satis
418 1460 537 1530 praesidi
559 1461 645 1515 habet
669 1463 785 1530 rumpit,
805 1461 947 1514 interdum
965 1466 1097 1513 moratur
1117 1459 1144 1512 in
1168 1458 1207 1513 eis

209 1565 280 1618 quae
300 1547 418 1602 Kritzius
437 1549 526 1603 attulit
543 1567 576 1602 ex
593 1551 667 1602 Suet.
680 1551 752 1616 Aug.
774 1560 815 1614 77,
837 1549 903 1601 Tac.
918 1547 993 1601 Hist.
1007 1546 1042 1600 iii.
1057 1548 1098 1614 83,
1118 1564 1208 1615 neque

209 1652 279 1704 opus
294 1645 336 1690 est
352 1643 400 1688 aut
420 1633 575 1690 Heinsiano
594 1638 702 1704 rumpit
720 1635 870 1699 interdum,
889 1634 1031 1687 interdum
1050 1639 1180 1698 moratur
1189 1630 1208 1700 ¹,

209 1732 257 1774 aut
269 1721 436 1774 Novakiano
444 1740 467 1775 r.
478 1724 496 1774 i.
508 1711 684 1792 [aliquando]
698 1726 845 1788 moratum
865 1720 959 1774 nescio
969 1720 1108 1789 quomodo
1117 1720 1209 1789 placet

209 1808 368 1862 emendatio
380 1808 511 1862 nostratis
523 1806 703 1861 Warburtoni
723 1813 877 1873 maturata,
891 1805 1034 1861 ‘innuerat
1053 1806 1127 1862 enim
1142 1807 1208 1862 His·

209 1894 311 1948 toricus
338 1895 389 1963 (sic
407 1893 623 1962 Warburtonus)
650 1893 744 1947 uerbis
759 1896 990 1963 praeparauerat
1012 1895 1071 1946 iam
1091 1893 1208 1947 hiberna

210 1981 315 2035 Caesar
332 1981 372 2034 ad
394 1982 560 2034 Danubium
579 1981 629 2034 dre.
649 1979 765 2034 consilia
785 1979 912 2034 Caesaris
932 1979 959 2032 in
979 1983 1133 2034 Germanos
1152 1981 1208 2034 iam

208 2071 365 2126 maturari'

244 2174 320 2226 1103
340 2169 400 2212 tum
417 2157 574 2212 necessaria
590 2156 720 2226 gloriosis
737 2156 897 2228 praeposita
911 2175 1001 2227 neque
1014 2167 1103 2212 tutum
1118 2159 1209 2212 uisum

207 2246 303 2299 abdito
316 2245 343 2298 in
357 2244 487 2300 interiora
500 2243 619 2299 exercitu
632 2261 751 2298 uacuam
764 2255 822 2298 tam
835 2244 924 2299 uicino
934 2246 1008 2300 hosti
1025 2245 1143 2300 Italiam.
1156 2247 1196 2299 A.

243 2350 360 2387 uacuam
374 2342 432 2386 tam
445 2335 530 2386 etiam
543 2333 577 2385 P.
649 2321 803 2402 relinquere
818 2331 928 2386 Italiam
940 2335 975 2388 P.

244 2421 310 2474 Duo
330 2431 394 2474 sunt
413 2437 484 2490 quae
502 2419 548 2473 hic
567 2418 755 2489 suspicionem
773 2430 913 2486 moueant,
933 2432 1053 2474 uacuam
1072 2427 1139 2486 tam,
1158 2439 1209 2491 pro

208 2524 264 2578 quo
282 2514 431 2561 uacuatam
448 2506 615 2575 scripserim,
636 2505 706 2560 sicut
725 2513 847 2559 uacuata
865 2507 969 2561 factum
988 2518 1032 2562 est
1050 2514 1209 2562 uacataeta

209 2595 237 2647 in
249 2595 359 2647 Aetnae
378 2594 473 2648 codice
494 2592 716 2661 Cantabrigiensi
737 2593 821 2661 (107),
834 2594 962 2662 deceptus
983 2596 1104 2648 solutum
1119 2604 1161 2648 est
1181 2595 1209 2648 in

209 2681 277 2734 deus
284 2686 367 2749 aptus
379 2682 526 2733 Metamm.
535 2679 586 2733 xiv.
599 2680 649 2746 765
659 2679 687 2732 in
697 2678 855 2733 Marciano:
870 2680 972 2734 deinde
982 2681 1051 2735 ordo
1061 2682 1209 2735 uerborum

210 2785 265 2838 quo
285 2768 313 2820 in
327 2769 381 2821 fine
394 2766 547 2821 sententiae
559 2767 682 2836 positum
699 2775 740 2819 est
759 2765 786 2818 in
799 2767 826 2819 P
838 2767 996 2836 relinquere
1008 2769 1134 2823 Italiam.
1171 2770 1209 2820 Et

210 2855 256 2909 hic
280 2855 392 2925 quidem
416 2852 595 2908 Amerbachii
621 2854 802 2923 apographon
828 2853 932 2908 indicat
958 2856 1074 2910 subesse
1104 2854 1209 2924 aliquid

212 2941 314 3008 mendi,
333 2943 413 2996 abest
430 2940 505 2996 enim
524 2941 560 2994 ab
580 2958 614 2994 eo
639 2940 805 3009 relinquere.
850 2943 967 3012 Repono
992 2941 1075 3011 igitur
1092 2942 1210 2996 Italt'am

211 3031 376 3099 relinquere.
782 3093 783 3100 ἵ

247 3132 326 3183 1104
344 3116 471 3186 proxima
483 3115 593 3168 duobus
611 3113 764 3170 Batonibus
782 3133 817 3169 ac
837 3116 946 3171 Pinneti
959 3117 1076 3171 ducibus
1092 3116 1212 3171 auctori·

211 3215 254 3260 tas
266 3214 335 3259 erat.
354 3205 418 3257 ΑΡ.

247 3294 384 3345 Proxima
396 3308 458 3344 cum
466 3289 511 3342 uix
519 3289 607 3359 possit
616 3289 653 3343 ad
663 3279 831 3345 Marobodui
842 3290 1010 3360 superiorem
1018 3293 1211 3346 auctoritatem

211 3379 314 3446 referri,
327 3378 375 3449 qui
394 3363 531 3446 nusquam
550 3375 597 3430 hic
615 3387 792 3444 memoretur,
808 3388 856 3432 aut
870 3379 1001 3447 plurima
1018 3387 1066 3430 aut
1084 3379 1212 3431 maxima

212 3465 435 3522 substituendum
443 3463 503 3520 erit.
523 3464 1212 3534 Necsanenescioprom'mus,maximusnonraro

245 3670 254 3699 ¹
273 3669 452 3719 Emendationi
469 3669 628 3716 Heinsianae
644 3667 797 3716 simillimum
815 3675 856 3716 est
874 3668 937 3716 illud
957 3669 983 3715 in
997 3668 1105 3720 Octauio
1118 3668 1214 3717 Minuci

213 3748 376 3811 5repudian's
392 3749 499 3795 alterum
523 3745 657 3810 [alterum]
680 3746 848 3808 comprobaris
864 3747 901 3794 uti
924 3747 1003 3795 edidit
1021 3746 1140 3796 Halmius
1160 3763 1217 3796 cum

213 3828 297 3876 codex
308 3825 389 3874 semel
401 3831 502 3873 tantum
514 3825 624 3872 alterum
635 3830 756 3886 praestet

694 3929 739 3982 177
1058 3912 1095 3966 12
