3024 4568
585 456 740 514 VELLEI
763 456 1004 517 PATERCVLI

294 619 417 679 iudicari
431 640 539 696 parem.
583 619 613 678 in
628 621 732 680 urbem
744 641 876 680 reuersus
888 620 946 680 iarn
958 619 1073 697 pridem
1084 621 1227 694 debiturn,
1240 622 1294 682 sed

295 717 519 777 continuatione
542 718 686 777 bellorum
708 717 832 777 dilatum
852 738 887 777 ex
907 717 1068 778 Pannoniis
1089 717 1294 795 Delmatisque

296 814 354 892 egit
383 813 572 891 triumphum.
625 813 708 873 cuius
740 813 989 891 magnificentiam
1022 814 1088 891 quis
1116 815 1236 875 miretur
1263 815 1293 874 in

267 937 282 982 3
297 915 446 975 Caesare?
483 915 618 972 fortunae
640 933 711 972 uero
735 913 800 990 quis
823 934 884 974 non
909 912 1030 973 miretur
1056 913 1294 991 indulgentiam?

296 1009 406 1087 quippe
429 1009 526 1069 omnis
551 1009 798 1070 eminentissimos
823 1010 953 1070 hostium
978 1013 1070 1071 duces
1094 1033 1155 1072 non
1181 1012 1323 1076 oecis0s5

295 1109 374 1166 lama
390 1106 526 1180 narrauit,
542 1109 595 1166 sed
614 1106 731 1166 uinctos
750 1106 915 1184 triumphus
935 1107 1065 1168 ostendit
1074 1131 1083 1182 ,·
1111 1129 1201 1184 quem
1223 1108 1295 1168 mihi

296 1204 435 1281 fratrique
449 1226 517 1265 meo
532 1205 607 1264 inter
617 1205 791 1282 praecipuos
802 1205 1026 1283 praecipuisque
1037 1206 1124 1266 donis
1136 1209 1295 1268 adornatos

296 1300 375 1361 uiros
389 1302 523 1362 comitari
537 1302 667 1379 contigit.

230 1422 283 1464 122
338 1400 413 1475 Quis
439 1421 500 1460 non
525 1400 600 1461 inter
623 1400 742 1476 reliqua,
759 1400 867 1477 quibus
889 1400 1041 1478 singularis
1062 1401 1227 1461 moderatio
1248 1400 1293 1460 Ti.

298 1498 432 1559 Caesaris
455 1501 551 1559 elucet
572 1511 662 1575 atque
685 1497 803 1571 eminet,
827 1499 885 1558 hoc
907 1518 1028 1575 quoque
1053 1499 1180 1573 miretur,
1203 1501 1294 1576 quod,
1313 1517 1342 1551 10

298 1616 367 1655 cum
382 1596 445 1657 sine
460 1600 520 1656 ulla
534 1596 719 1656 dubitatione
734 1608 847 1672 septem
862 1595 1027 1673 triumphos
1042 1597 1187 1670 meruerit,
1203 1597 1296 1656 tribus

299 1704 456 1753 contentus
484 1693 592 1753 fuerit?
647 1692 712 1771 quis
741 1692 821 1752 enim
856 1693 991 1753 dubitare
1019 1705 1124 1771 potest,
1154 1694 1226 1771 quin
1261 1714 1297 1753 ex

298 1791 440 1851 Armenia
454 1801 571 1867 recepta
585 1802 614 1850 et
629 1811 665 1849 ex
679 1809 745 1866 rege
760 1789 927 1867 praeposito
937 1790 972 1863 ei,
985 1790 1068 1850 cuius
1080 1791 1169 1868 capiti
1183 1791 1297 1868 insigne

253 1955 255 1966 Ι
299 1888 411 1966 regium
434 1909 487 1948 sua
509 1909 599 1948 manu
622 1888 809 1965 imposuerat,
834 1887 1035 1965 ordinatisque
1058 1890 1145 1949 rebus
1169 1888 1298 1950 Orientis

300 2007 394 2046 ouans
415 1985 595 2062 triumphare
616 1984 759 2057 debuerit,
776 1996 805 2044 et
827 1984 1052 2045 Vindelicorum
1076 1988 1298 2062 Raetorumque
1315 2005 1343 2054 ¹5

272 2115 284 2148 2
300 2084 395 2144 uictor
409 2104 495 2143 curru
509 2084 613 2143 urbem
628 2083 763 2160 ingredi?
791 2082 888 2142 fractis
904 2082 1013 2143 deinde
1024 2095 1091 2159 post
1105 2083 1298 2161 adoptionem

301 2180 443 2241 continua
457 2179 563 2240 trienni
585 2179 688 2239 militia
709 2178 885 2239 Germaniae
906 2179 1018 2239 uiribus
1039 2180 1119 2240 idem
1141 2180 1183 2239 illi
1203 2183 1299 2240 honor

301 2289 331 2339 et
355 2279 533 2338 deferendus
556 2288 585 2336 et
608 2275 794 2353 recipiendus
819 2276 927 2336 luerit?
966 2289 995 2336 et
1017 2289 1084 2354 post
1106 2280 1221 2338 cladem
1243 2278 1299 2336 sub

301 2379 382 2436 Varo
399 2387 561 2452 acceptam,
579 2383 735 2451 exspectato
753 2374 835 2434 ocius
856 2374 1054 2451 prosperrimo
1075 2395 1171 2434 rerum
1190 2385 1299 2434 euentu

302 2477 407 2535 eadem
430 2473 527 2533 excisa
552 2471 711 2533 Germania
733 2471 898 2549 triumphus
923 2472 1032 2531 summi
1056 2472 1140 2532 ducis
1164 2471 1300 2532 adornari
1317 2493 1347 2524 20

302 2571 459 2632 debuerit?
499 2573 552 2630 sed
575 2569 605 2629 in
628 2573 687 2630 hoc
709 2570 773 2629 uiro
796 2569 920 2642 nescias
943 2581 1041 2628 utrum
1065 2569 1157 2646 magis
1179 2569 1298 2640 mireris,

303 2671 386 2747 quod
406 2670 541 2729 laborum
562 2668 819 2745 periculorumque
841 2687 957 2744 semper
976 2667 1099 2726 excessit
1114 2669 1246 2739 modum,
1262 2688 1300 2726 an

302 2771 385 2846 quod
399 2770 546 2828 honorum
563 2766 744 2844 temperauit.

235 2887 289 2944 123
343 2865 469 2924 Venitur
482 2866 520 2924 ad
535 2876 660 2940 tempus,
676 2863 707 2923 in
722 2884 782 2940 quo
797 2862 850 2922 fuit
865 2862 1024 2939 plurimum
1044 2875 1147 2922 metus.
1192 2863 1302 2940 quippe

305 2965 414 3025 Caesar
427 2965 578 3038 Augustus
598 2982 667 3020 cum
689 2960 900 3020 Germanicum
921 2971 1061 3037 nepotem
1083 2981 1170 3019 suum
1191 2959 1303 3036 reliqua
1319 2981 1348 3029 ²5

305 3059 375 3120 belli
396 3070 576 3136 patraturum
600 3057 726 3117 misisset
751 3057 781 3116 in
805 3057 1003 3129 Germaniam,
1027 3056 1181 3116 Tiberium
1203 3069 1302 3117 autern

305 3157 399 3216 filium
421 3156 561 3216 missurus
583 3167 660 3215 esset
682 3155 712 3214 in
735 3155 884 3232 Illyricum
905 3157 943 3214 ad
968 3157 1113 3214 firmanda
1133 3175 1207 3233 pace
1228 3176 1304 3232 quae

339 3313 603 3374 4indiligentiamA
672 3313 825 3373 5omnisA
892 3314 953 3361 out
965 3313 1008 3361 del.
1020 3318 1077 3360 ante
1087 3312 1189 3360 samaA
1244 3313 1304 3359 mihi

307 3380 403 3428 Burer:
419 3379 492 3426 militi
503 3378 557 3426 ΑΡ
637 3378 1001 3440 qpcipuosprecipuisqueA
1088 3376 1228 3439 9Tib.Pz
1245 3377 1303 3424 TA

310 3462 340 3507 13
357 3447 504 3507 praeposito
513 3445 537 3492 ei
548 3443 684 3492 Heinsius:
696 3444 835 3505 praepositi
845 3443 955 3506 (pro-P)
963 3442 1041 3491 ABP
1107 3458 1135 3503 15
1148 3450 1305 3504 praetorum·

308 3527 358 3572 que
367 3519 486 3572 suprascr.
497 3510 732 3568 RhaetorumqueA
803 3525 831 3570 17
844 3509 938 3556 trienni
947 3511 972 3556 A
985 3527 991 3557 ι
1008 3509 1110 3556 triennii
1121 3508 1147 3555 P
1211 3511 1242 3556 18
1258 3509 1305 3556 sub

308 3577 346 3625 P:
355 3575 373 3638 fi
378 3584 498 3637 suprascr.
508 3575 587 3623 subA
656 3590 686 3635 19
704 3581 853 3635 exspectato
861 3576 933 3622 ocius
939 3575 1038 3622 Halm:
1056 3575 1134 3622 totius
1140 3572 1190 3620 ΒΑ
1203 3591 1209 3622 2
1225 3589 1306 3634 ocyus

309 3641 349 3690 P:
379 3649 439 3689 uoto
458 3642 528 3689 ocius
546 3639 696 3688 Bunnann:
728 3641 823 3688 totiens
840 3639 999 3688 Pen'aom'us:
1022 3640 1131 3702 sortasse
1152 3646 1214 3687 uoto
1232 3640 1307 3687 citius

311 3707 359 3754 nisi
379 3707 419 3753 cui
430 3706 617 3768 praeferendum
641 3706 761 3754 uadetitur
777 3706 844 3767 quod
864 3705 962 3753 Scrimr
981 3705 1039 3754 coni.
1064 3705 1154 3752 tertius
1274 3721 1308 3752 20

311 3773 465 3832 triumphum
477 3771 535 3830 ΑΡ,
548 3772 727 3820 emmane-ius
791 3771 911 3819 adornari
925 3770 994 3817 BA:
1019 3769 1180 3818 adornareP
1275 3786 1305 3816 21

312 3837 433 3886 nescisA
510 3853 541 3884 22
559 3845 603 3884 aut
614 3837 668 3896 del,
682 3837 817 3885 der'nanA
898 3849 930 3896 25
948 3836 1053 3884 Caes.A
1136 3850 1168 3896 α]
1185 3835 1309 3884 firmanda

311 3902 408 3951 Burer:
424 3903 554 3950 formanda
565 3902 618 3950 ΑΡ
626 3921 632 3952 :
641 3903 749 3964 fortasse
759 3903 917 3951 adfirmando
928 3901 952 3951 h.
962 3917 980 3952 e.
995 3907 1023 3948 ut
1033 3901 1177 3962 affirmant

790 3993 836 4042 ¹34
