3024 4568
407 464 454 524 IN
475 461 696 523 VELLEIVM
719 465 1008 526 PATERCVLVM

210 627 239 686 ἆ
257 630 346 685 fuerat
366 630 393 685 in
412 649 446 686 eo
465 632 562 687 codice
579 633 654 687 unde
674 631 870 687 Murbacensis
888 633 973 688 fluxit.
1009 624 1047 688 E}
1060 649 1110 702 pro
1128 631 1213 686 etiam

213 717 377 788 saepissime
391 719 418 773 in
432 719 574 775 codicibus
587 719 680 774 omnis
691 721 803 786 generis
817 730 844 774 et
856 719 957 775 aetatis
970 719 1071 775 inueni.

245 822 287 874 49
304 820 315 860 1
339 807 456 860 Lentulo
468 817 497 861 et
512 809 647 863 Marcello
660 801 724 865 OE·
738 817 800 878 post
815 809 913 862 urbem
930 807 1073 862 conditam
1089 805 1170 860 annis
1186 824 1212 859 a.

209 905 246 948 cc
258 933 265 946 .
279 906 315 946 111
328 904 356 949 et
371 911 460 948 annos
474 906 597 952 Lxxvnl
615 913 701 966 quarn
718 907 749 950 tu
770 897 810 949 M.
823 894 917 949 Vinici
936 897 1112 950 consulatum
1129 893 1212 948 inires
1247 935 1251 949 r

209 980 312 1035 bellurn
326 981 407 1036 ciuile
420 983 529 1036 exarsit.
541 983 579 1036 A.

245 1059 372 1124 Cli-A:
394 1070 497 1124 COSS.
515 1071 549 1122 P.
580 1120 582 1125 ,
620 1069 702 1125 annis
720 1066 826 1124 ilc—effi.
839 1070 874 1124 P.
947 1080 974 1124 et
987 1086 1076 1124 annos
1089 1079 1212 1122 Lxxv111

209 1157 322 1210 Burer:
342 1165 373 1214 et¹
383 1169 505 1209 Lxxvm
517 1158 553 1210 P.

247 1243 320 1297 Mire
333 1243 379 1296 hic
391 1252 513 1297 erratum
526 1252 569 1298 est
580 1243 609 1297 in
621 1245 660 1312 A,
674 1262 738 1298 cum
751 1235 808 1302 EN
819 1252 952 1314 praestet,
970 1243 1108 1298 sententia
1120 1242 1213 1312 potius

210 1331 315 1385 COSS.
326 1331 500 1400 postulante:
521 1348 611 1400 neque
629 1341 722 1386 tamen
740 1333 830 1388 ausim
850 1348 915 1386 eum
936 1348 1057 1385 errorem
1076 1331 1213 1400 imputare

209 1417 408 1484 Amerbachio,
422 1433 486 1470 curn
496 1435 581 1489 quam
593 1419 820 1474 emendationem
835 1417 965 1487 (COSS.)
980 1419 1133 1472 Rhenanus
1151 1417 1213 1470 inP

209 1503 305 1569 edidit,
319 1504 438 1557 eandem
451 1522 534 1559 nemo
550 1522 606 1558 non
628 1506 785 1576 prolaturus
802 1504 885 1559 suerit
899 1506 934 1558 de
947 1520 1006 1559 suo,
1044 1505 1125 1573 Quod
1145 1519 1211 1556 uero

209 1592 237 1645 A
258 1607 404 1644 numerum
417 1604 468 1659 703
485 1592 524 1646 sic
537 1592 672 1662 expressit
687 1603 717 1646 ut
735 1593 825 1663 prima
841 1592 933 1646 littera
949 1607 966 1644 a
981 1608 1069 1660 parua
1081 1590 1125 1655 sit,
1139 1590 1166 1643 in
1179 1607 1213 1643 eo

211 1676 275 1731 uide
288 1694 324 1731 ne
333 1679 482 1747 uestigium
500 1679 590 1733 subsit
608 1696 709 1735 causae
728 1680 802 1734 unde
817 1694 949 1732 numerus
968 1678 1135 1748 deprauatus
1152 1686 1211 1730 est:

210 1765 300 1819 fuerat
313 1778 419 1832 neem,
432 1765 535 1820 deinde
547 1776 656 1820 mutata
669 1779 690 1820 D
704 1767 731 1820 in
745 1767 772 1833 d,
786 1767 814 1822 d.
826 1779 871 1822 co
882 1779 928 1834 111,
941 1784 974 1820 ex
986 1767 1040 1819 hac
1053 1764 1174 1834 denique
1187 1782 1211 1818 a.

211 1863 255 1906 co
267 1865 312 1918 111,
326 1853 366 1906 sic
378 1852 452 1906 enim
466 1853 494 1905 in
507 1853 534 1906 A
550 1852 683 1922 scriptum
697 1853 798 1908 inueni.

247 1939 396 2010 Sequentia
419 1924 580 1995 Orellius
559 1957 599 1994 sic
618 1941 735 1995 correxit
752 1948 780 1994 et
793 1948 859 1994 onte
873 1957 963 1994 annos
975 1951 1174 2007 Lxxv111,ego
1186 1945 1215 1993 et

210 2043 300 2080 annos
318 2034 383 2080 onte
401 2037 523 2082 Lxxvlll
541 2027 592 2098 (sic
610 2027 702 2098 potius
721 2045 805 2098 quam
823 2038 854 2082 ut
872 2027 978 2096 dedip.
992 2026 1057 2096 68):
1084 2028 1153 2080 solet
1172 2025 1212 2081 sic

211 2112 340 2167 collocari
354 2123 418 2183 post
432 2115 632 2168 accusatiuum.

245 2214 317 2269 494
343 2211 373 2254 ut
395 2201 496 2255 deinde
517 2202 617 2271 spretis
642 2203 771 2256 omnibus
797 2219 869 2272 quae
894 2203 999 2256 Caesar
1023 2164 1212 2271 postulauerat

208 2288 404 2342 tantummodo
417 2299 564 2343 contentus
578 2305 641 2344 cum
654 2307 710 2344 una
723 2289 833 2359 legione
845 2308 881 2344 ne
896 2289 1008 2343 titulum
1020 2289 1139 2344 retinere
1151 2305 1212 2358 pro·

210 2374 318 2430 uinciae
328 2376 509 2447 priuatusque
518 2377 546 2430 in
559 2378 656 2431 urbem
671 2378 766 2432 uenire
779 2388 807 2432 et
821 2395 850 2432 se
864 2377 893 2430 in
905 2376 1041 2447 petitione
1051 2378 1211 2430 consulatus

210 2463 349 2533 suffragiis
363 2466 393 2517 P.
403 2467 437 2517 R.
451 2465 626 2519 committere
639 2465 788 2519 decreuere
799 2466 828 2519 A
833 2504 840 2518 .

245 2569 280 2605 ne
293 2569 345 2604 om.
358 2553 392 2605 P.
484 2552 595 2606 titulum
606 2554 672 2620 ΑΡ,
676 2554 759 2623 falso
773 2553 897 2608 Orellius
913 2551 946 2605 id
955 2553 1056 2606 omisit.
1094 2549 1211 2604 ‘Exem-

209 2640 271 2708 plar
287 2648 369 2692 uetus
385 2638 519 2694 sichabet
539 2649 569 2693 ut
589 2641 738 2708 legendum
755 2639 912 2694 existimem
928 2638 1100 2692 committere
1116 2639 1212 2691 decre·

209 2727 413 2781 uerat'Bnrer.

247 2813 277 2867 Si
290 2823 369 2866 tanta
377 2813 446 2867 fides
459 2822 534 2867 esset
546 2815 649 2867 Burero
663 2823 692 2867 ut
705 2823 804 2867 testem
817 2829 882 2866 eum
895 2822 992 2867 contra
1005 2810 1167 2865 coniunctos
1182 2809 1208 2862 A

210 2909 238 2954 et
250 2901 277 2953 P
289 2900 487 2968 acciperemus,
501 2909 596 2970 posset
608 2898 695 2954 uideri
708 2901 868 2953 decreuerat
879 2897 908 2953 in
922 2898 1100 2952 Murbacensi
1117 2897 1211 2964 fuisse,

209 3003 261 3041 nec
283 2987 393 3040 deesset
412 2997 549 3040 structura
573 2985 725 3041 indicatiuo
748 2985 928 3055 parenthesin
946 2985 1073 3040 inferenti
1092 2984 1211 3039 similem

210 3090 306 3127 earum
331 3074 367 3127 de
385 3073 485 3143 quibus
501 3075 562 3128 fuse
578 3074 708 3128 disseruit
727 3075 853 3128 Thomas
872 3092 900 3143 p.
920 3088 953 3140 23
973 3089 1042 3143 sqq.,
1061 3078 1094 3125 nt
1111 3074 1212 3141 spretis

211 3177 234 3214 o.
253 3177 325 3229 qnae
346 3162 449 3214 Caesar
462 3162 662 3231 postulauerat
686 3159 890 3229 (tantummodo
911 3165 1055 3234 contentus
1073 3176 1134 3213 cum
1153 3174 1212 3211 nna

210 3248 317 3317 legione
323 3249 440 3301 titulum
448 3251 568 3301 retinere
574 3251 884 3317 prouinciaqpm'natns
891 3245 964 3316 [que]
970 3249 1001 3300 in
1009 3248 1104 3300 urbem
1114 3249 1212 3300 uenire

210 3339 237 3386 et
248 3351 276 3386 se
288 3335 436 3404 suffragizs
443 3336 477 3389 P.
485 3336 520 3389 R.
533 3337 702 3388 committere
717 3333 896 3403 decreuerat).
935 3335 982 3388 Sic
995 3352 1028 3388 ex
1036 3339 1069 3387 nt
1077 3333 1211 3402 penderet

210 3423 333 3485 transiet,
344 3421 387 3474 his
397 3431 540 3490 tamquam
550 3421 656 3490 protasi
669 3422 849 3490 responderet
862 3421 994 3491 apodosis
1004 3422 1052 3474 Cn.
1061 3422 1211 3490 Pompeius

210 3509 404 3577 consulesque.
418 3549 425 3562 .
438 3511 624 3562 transmisere.

245 3594 302 3650 Sed
320 3612 382 3648 cum
400 3597 488 3649 Burer
506 3595 670 3665 scripturam
687 3595 881 3650 Murbacensis
904 3593 1076 3664 interpretari
1091 3604 1210 3662 tantum,

209 3699 267 3736 non
286 3699 357 3752 quae
376 3682 458 3738 fuerit
476 3682 571 3738 testari
591 3682 726 3749 uideatur,
746 3683 980 3754 acquiescendum
1000 3681 1092 3752 potius
1111 3683 1162 3737 erit
1181 3682 1209 3736 in

209 3787 243 3824 eo
268 3770 296 3822 in
319 3770 393 3840 quod
415 3771 475 3846 AB
492 3769 660 3838 conspirant,
680 3771 830 3824 decreuere.
872 3771 936 3823 Hoc
956 3779 1067 3839 recepto
1085 3769 1210 3840 plerique

211 3857 319 3912 Gelenii
339 3857 564 3913 emendationem
584 3866 716 3911 secuntur
728 3860 867 3927 priuatus
885 3859 916 3910 in
933 3857 1027 3910 urbem
1052 3859 1161 3910 ueniret
1184 3862 1211 3910 et

688 3953 731 4002 161
1052 3947 1087 4001 ll
