3010 4520
632 435 957 496 PROLEGOMENA

297 610 374 684 1834
394 609 542 684 prolatum
563 605 675 682 primus
696 625 765 665 cum
787 607 832 666 ed.
850 609 895 665 Pr.
919 604 1045 666 contulit
1066 616 1095 665 et
1116 605 1291 682 insequente

292 733 373 772 anno
388 712 506 789 Lipsiae
520 711 621 772 edidit.

334 819 448 879 Natus¹
467 829 512 878 est
527 817 743 878 Amerbachins
764 839 789 878 a
810 835 883 895 1495
901 817 1043 891 Basileae,
1059 817 1200 878 minimus
1220 817 1292 878 filio-

292 945 357 984 rum
396 925 518 985 Ioannis
555 925 746 985 Amerbachii
782 925 845 986 eius
881 925 934 1002 qui
970 925 1148 1002 Hieronymi
1183 924 1291 1002 scripta

292 1031 393 1091 edidit.
437 1035 514 1091 Puer
534 1034 615 1108 apud
637 1033 810 1093 Conradum
834 1031 1036 1105 Leontorium,
1052 1031 1289 1104 Cisterciensem,

290 1137 466 1197 adulescens
486 1136 691 1216 (1507-1509)
713 1137 770 1197 snb
790 1137 914 1197 Hieron.
939 1136 1085 1197 Gebwiler
1110 1136 1291 1197 Selestadiae

291 1243 443 1315 educatus
473 1263 542 1302 mox
566 1243 597 1302 in
626 1243 772 1302 Basileam
800 1245 900 1316 redux,
930 1243 1095 1303 studiorum
1123 1242 1165 1302 ibi
1198 1244 1290 1303 duces

291 1347 395 1406 habuit
409 1348 540 1409 eruditos
554 1349 634 1410 uiros
648 1369 724 1426 quos
738 1349 770 1408 in
784 1351 909 1409 domum
924 1369 1008 1408 suam
1022 1359 1105 1425 pater
1119 1351 1293 1425 adsumpse

290 1463 341 1526 rat,
358 1453 445 1514 simul
460 1453 524 1528 sibi,
541 1455 629 1514 simul
643 1455 710 1515 filiis
724 1465 938 1532 praeceptores,
954 1457 1141 1514 Matthaeum
1155 1456 1290 1514 Hadria-

290 1579 368 1633 num,
393 1560 536 1620 Hebraici
560 1561 705 1621 sermonis
729 1561 864 1638 peritum,
892 1561 1125 1621 Dominicanum
1149 1563 1288 1621 Ioannem

293 1665 402 1739 Cuno²‚
417 1667 512 1726 Marci
528 1667 644 1727 Musuri
658 1678 687 1728 et
702 1667 848 1744 Scipionis
864 1667 1085 1728 Crateromachi
1100 1668 1287 1745 discipulum,

289 1772 407 1848 linguae
422 1773 545 1833 Latinae
560 1784 589 1833 et
604 1776 735 1834 Graecae
749 1773 857 1850 pariter
871 1773 1034 1847 scientem,
1055 1794 1124 1833 cum
1144 1774 1189 1834 his
1206 1773 1288 1855 (nam

290 1877 423 1937 Basileae
437 1881 612 1955 plerumque
631 1879 703 1939 uixit
723 1880 896 1951 Rhenanus,
913 1879 1047 1940 Cononis
1062 1881 1193 1940 Graecus
1208 1881 1289 1940 audi-

288 1993 342 2055 tor,
369 1982 456 2043 simul
484 1995 517 2043 ut
545 1986 746 2061 typographeo
778 1983 966 2044 Frobeniano
994 1983 1115 2060 propius
1146 1986 1287 2063 uteretur)

287 2091 414 2148 Beatum
424 2092 599 2150 Rhenanam
615 2090 744 2168 (1485-r
750 2088 829 2168 547),
843 2109 941 2166 quem,
961 2099 1064 2166 utpote
1079 2091 1183 2149 decem
1202 2091 1288 2151 annis

288 2215 320 2256 se
335 2195 485 2269 maiorem,
501 2207 531 2255 et
551 2199 687 2254 doctorem
702 2216 789 2255 suum
810 2196 939 2271 appellat
956 2205 985 2253 et
1006 2201 1045 2254 eo
1061 2195 1293 2279 familiarissimo

287 2313 378 2377 atque
392 2301 497 2361 intimo
511 2301 609 2361 amico
624 2321 741 2378 semper
754 2321 825 2360 usus
840 2310 891 2360 est.
937 2302 1058 2360 Mortuo
1070 2302 1197 2362 Conone
1212 2321 1287 2380 1513

271 2407 504 2468 ¹Amerbachius
526 2407 697 2484 Friborgam
719 2427 751 2467 se
769 2407 902 2479 contulit,
918 2405 1019 2483 ibique
1040 2406 1071 2466 in
1086 2409 1178 2468 domo
1200 2411 1293 2468 Vlrici

287 2515 372 2574 Zasii
396 2535 446 2574 sex
473 2534 568 2574 annos
596 2513 651 2573 iuri
684 2513 764 2572 ciuili
794 2511 936 2572 incubuit.
981 2516 1138 2572 Erasmnm
1156 2535 1287 2592 ,quoque

287 2630 372 2680 norat
389 2631 418 2679 et
433 2622 622 2693 Glareanum,
638 2640 765 2697 quorum
786 2619 835 2678 hic
856 2639 931 2696 opus
953 2639 1040 2678 suum
1054 2621 1170 2680 Laudes
1182 2624 1288 2681 Helue-

287 2730 344 2786 tiae
358 2727 386 2787 ei
401 2727 519 2800 dicauit,
536 2727 584 2786 ille
599 2729 678 2786 tanti
690 2726 753 2786 eius
769 2746 897 2785 suntmae
910 2727 971 2802 spei
982 2727 1103 2784 indolem
1114 2728 1193 2802 feca't,
1210 2737 1245 2786 ut
1261 2738 1290 2788 et

286 2836 404 2895 subinde
417 2835 553 2893 laudibus
563 2834 662 2908 ferret
673 2841 701 2891 et
719 2835 798 2893 inter
815 2834 941 2891 eruditas
953 2833 1072 2908 primas
1092 2853 1155 2891 eum
1176 2846 1287 2912 occupa-

287 2950 387 3000 aterum
401 2942 574 3018 cantarat
597 2943 745 3000 Reuersus
762 2927 908 2998 Basileam
927 2949 991 2997 tum
1010 2938 1079 2999 iuris
1094 2941 1285 3016 professione,

287 3062 352 3110 tum
367 3053 482 3111 Graeca
502 3061 532 3110 et
547 3049 653 3109 Latina
674 3048 840 3109 eruditione
855 3047 937 3107 docti
957 3067 1068 3107 nomen
1086 3049 1193 3108 meruit
1211 3049 1287 3111 inter

287 3158 434 3233 aequales,
451 3175 548 3232 neque
562 3167 631 3215 ante
645 3175 758 3215 annum
777 3157 850 3231 1562
867 3164 1000 3213 mortuus
1015 3164 1066 3213 est

329 3265 375 3321 Ex
402 3261 619 3338 subscriptione
647 3280 737 3337 quam
766 3259 797 3318 in
820 3261 879 3318 fine
903 3258 1066 3336 apographi
1088 3259 1134 3318 sui
1161 3261 1284 3336 addidit,

289 3368 398 3428 scimus
410 3365 642 3427 Amerbachium
657 3367 689 3426 id
703 3365 866 3426 confecisse
881 3366 963 3424 tertre
972 3367 1018 3424 Id.
1029 3367 1153 3442 August.
1169 3382 1285 3422 unaue.

321 3481 328 3508 ¹
347 3481 463 3537 Fechter,
476 3480 523 3528 Die
533 3479 634 3530 Amasi.
648 3478 775 3540 Abschmst
785 3478 826 3526 des
840 3477 868 3527 V.
880 3477 912 3527 P.
924 3493 948 3539 p.
961 3493 984 3538 5.

318 3558 328 3585 ²
345 3559 419 3606 Cuno
436 3557 492 3605 siue
510 3558 583 3606 Cono
595 3558 637 3605 uel
655 3558 744 3605 Conon
758 3556 979 3616 Norimbergensis
997 3557 1061 3603 duos
1078 3556 1188 3618 amplius
1205 3571 1287 3604 annos

288 3652 345 3686 cum
363 3635 541 3683 Amerbachiis
563 3636 622 3696 egit,
644 3643 809 3696 mortuusque
832 3639 872 3682 est
895 3633 1012 3682 Basileae
1035 3649 1124 3682 mense
1147 3633 1287 3682 Februario

287 3731 308 3764 a.
325 3728 386 3776 1513
399 3714 529 3776 (Fechter,
543 3730 566 3775 p.
580 3716 615 3775 6).

320 3793 329 3822 ³
347 3794 490 3842 Rhenanus
502 3793 527 3842 in
541 3793 657 3854 Epistula
667 3809 708 3855 ap.
724 3793 882 3854 Fechtennn,
896 3809 922 3854 p.
936 3808 957 3855 7.

764 3882 800 3930 xii
