3024 4568
512 422 857 483 COMMENTARIVS
878 423 1077 483 CRITICVS

292 589 425 646 Perizonii
440 607 540 660 sequor
558 589 724 644 sententiam
743 589 881 644 credentis
901 562 1011 659 opponi¹
1022 587 1066 642 hic
1085 587 1158 642 inter
1170 606 1199 642 se
1218 587 1294 658 quod

292 696 423 749 prospere
436 678 490 731 sibi
508 679 612 731 Caesar
629 676 656 730 in
676 675 768 730 Sicilia
787 686 884 730 contra
905 679 966 732 Sex.
987 675 1149 746 Pompeium
1168 674 1294 744 gesserit,

290 777 318 821 et
331 767 408 837 quod
427 764 554 820 Caesaris
574 765 728 834 eademque
746 763 786 818 rei
804 763 932 834 publicae
945 767 1075 818 Fortuna
1093 766 1129 818 ad
1149 763 1292 820 Orientem

292 855 413 910 militans
425 864 522 908 contra
534 853 696 908 Antonium.
735 856 772 907 Et
789 853 946 907 Perizonius
963 852 1076 924 quidem
1092 852 1179 921 (cuius
1192 852 1293 907 disser-

290 941 359 996 tatio
370 952 443 996 extat
454 941 481 994 in
492 951 568 995 tomo
578 956 595 1007 4
609 941 735 1010 Sylloges
749 940 936 1011 Epistolarum
949 939 1161 1008 Burmanianae‚
1175 958 1220 1010 pp.
1231 952 1293 1008 790,

292 1030 356 1096 819)
379 1035 437 1081 tam
452 1033 587 1097 prospere
605 1029 660 1081 sibi
679 1031 710 1080 iu
730 1029 831 1082 Sicilia
854 1027 1001 1095 scribebat,
1015 1028 1091 1097 quod
1113 1045 1164 1096 ego
1183 1044 1293 1097 quoque

291 1115 464 1171 conieceram
484 1116 534 1170 sed
554 1114 649 1169 addito
671 1121 732 1168 lum
752 1126 781 1170 ut
802 1117 857 1168 sibi
878 1122 939 1168 lum
965 1114 991 1168 in
1012 1116 1112 1169 libiuru
1132 1125 1293 1184 corruptum

292 1206 435 1259 crederem
445 1203 500 1273 'lsic
514 1207 626 1260 Solium
639 1205 744 1258 habent
757 1205 815 1258 AF
828 1207 870 1258 86.
884 1220 899 1257 2
913 1222 963 1275 pro
977 1222 1010 1257 eo
1023 1204 1098 1275 quod
1112 1214 1153 1258 est
1167 1204 1291 1270 Sosium)

292 1293 347 1345 sibi
358 1303 451 1346 autem
464 1293 539 1361 quod
553 1290 599 1345 ille
612 1291 799 1360 coniungebat
812 1309 874 1345 cum
888 1293 1033 1359 militamt,
1048 1309 1100 1360 ego
1115 1292 1152 1345 ad
1159 1295 1294 1361 prospere

292 1379 384 1450 potius
397 1380 493 1448 rasere,
507 1389 537 1433 ut
551 1379 687 1434 sententia
701 1379 752 1434 sit:
772 1398 829 1450 qua
841 1390 948 1434 aestate
964 1383 1069 1434 Caesar
1084 1391 1143 1434 tam
1160 1397 1294 1450 prospero

294 1466 346 1520 sibi
370 1478 472 1521 euentu
496 1477 556 1521 tum
582 1468 655 1536 (h.e.
681 1477 710 1521 ut
736 1467 791 1520 iam
817 1466 882 1536 dixi)
909 1466 1035 1522 militauit
1060 1467 1088 1520 in
1111 1466 1202 1522 Sicilia
1222 1466 1294 1521 circa

294 1555 480 1608 Naulochum.

329 1643 366 1695 Et
380 1643 515 1695 hactenus
534 1639 646 1710 quidem
660 1639 687 1694 in
706 1643 790 1711 plano
808 1652 871 1696 sunt
890 1640 998 1696 omnia:
1019 1659 1090 1711 quae
1106 1652 1235 1696 secuntur
1251 1639 1295 1694 uix

293 1738 423 1797 poterunt
445 1727 496 1780 nisi
519 1726 632 1782 inuento
656 1745 730 1781 nouo
755 1727 851 1781 codice
880 1728 1026 1783 enucleari.
1065 1731 1140 1782 Nam
1166 1728 1197 1794 si,
1223 1745 1294 1798 quae

294 1813 496 1884 simplicissima
508 1814 578 1869 ratio
592 1824 642 1884 est,
656 1816 720 1868 bene
737 1814 763 1868 in
784 1816 852 1868 baua
865 1815 1015 1882 reduxeris,
1029 1817 1099 1868 baua
1111 1826 1170 1870 arte
1188 1833 1251 1869 cum
1264 1818 1295 1868 in

295 1902 414 1956 Caesare
425 1907 452 1954 el
463 1903 494 1954 iu
507 1905 564 1971 rep.
577 1900 717 1967 struxeris,
731 1903 756 1955 h.
766 1919 789 1956 e.
802 1903 912 1956 fortuna
925 1901 1075 1970 benignam
1085 1920 1115 1956 se
1128 1901 1156 1954 in
1167 1902 1295 1956 Caesaris

293 2000 321 2044 et
334 1987 401 2057 reip.
414 1988 586 2058 temporibus
598 1990 746 2058 praebens,
757 1989 850 2044 nescio
864 1991 1005 2059 quomodo
1018 1991 1132 2058 languet
1146 1989 1211 2044 illud
1224 1991 1295 2043 bona

294 2075 334 2130 sic
347 2077 491 2130 seductum
505 2076 540 2130 ab
556 2075 596 2130 eis
614 2077 713 2146 quibus
730 2078 936 2132 adnectendum
954 2088 1030 2144 erat;
1051 2077 1107 2132 siue
1125 2095 1175 2146 pro
1188 2080 1219 2131 iu
1232 2095 1295 2131 cum

294 2165 457 2216 Burmanno
471 2163 589 2217 Christio
603 2163 778 2217 Froehlichio
790 2168 847 2234 pra
867 2163 1027 2232 substituas
1041 2163 1159 2218 difficilis
1179 2164 1295 2218 mutatio

294 2268 347 2304 nec
359 2251 593 2320 palaeographiae
607 2251 776 2306 conueniens
789 2262 840 2307 est.

331 2340 471 2408 Egressus
488 2338 562 2408 quod
582 2347 609 2392 et
628 2339 655 2392 Α
676 2349 703 2393 et
717 2340 744 2392 P
756 2341 861 2395 habent
874 2358 931 2393 non
950 2339 1031 2394 uideo
1048 2339 1138 2394 curin
1154 2342 1296 2411 augressus

295 2434 423 2478 mutetur.
459 2426 526 2478 Vult
545 2426 706 2479 Paterculus
724 2427 877 2481 Antonium
893 2427 1045 2482 Armeniae
1063 2429 1132 2481 fines
1145 2445 1178 2480 ac
1196 2426 1296 2481 deinde

227 2534 229 2540 ·
297 2511 409 2566 Mediae
427 2511 558 2568 transisse
578 2524 605 2567 et
623 2523 686 2583 post
706 2532 736 2568 se
759 2513 900 2585 reliquisse
920 2525 1062 2585 petentem
1082 2517 1207 2583 Parthos,
1227 2531 1296 2585 quo·

295 2601 381 2653 modo
400 2600 546 2655 Sallustius
564 2600 630 2656 dixit
646 2603 705 2670 lug.
718 2617 768 2656 110
781 2603 945 2673 egestumeu
955 2603 1124 2657 Mulucham
1136 2604 1214 2672 quael
1221 2605 1299 2656 iuter

296 2705 339 2740 me
360 2692 387 2740 el
405 2689 558 2757 Micipsam
572 2689 647 2758 fluit
667 2706 723 2742 uon
745 2691 882 2760 egrediar.
921 2691 987 2744 Sall.
1002 2691 1034 2744 fr.
1053 2689 1069 2743 i.
1090 2691 1139 2742 106
1162 2691 1297 2743 Mauren-

295 2775 413 2828 brecher
420 2792 491 2846 gens
503 2794 571 2829 rara
583 2779 848 2847 egressafluissuas‚
861 2777 893 2831 ir.
907 2775 942 2830 iii.
956 2791 988 2846 53
1001 2796 1126 2848 egressus
1137 2780 1298 2848 angustias:

297 2871 323 2915 et
338 2860 376 2915 sic
390 2861 449 2931 ipse
461 2862 582 2918 Velleius
596 2863 621 2917 ii.
634 2879 670 2930 40
678 2867 832 2935 fortunam
852 2865 974 2918 hominis
989 2883 1122 2936 egressus,
1137 2866 1188 2919 sed
1207 2866 1242 2918 de
1259 2882 1298 2931 re,

297 2962 353 3002 non
367 2950 402 3003 de
415 2950 475 3003 loco
488 2949 621 3004 scribens.

333 3038 399 3090 822
419 3036 609 3107 praedixitque
631 3056 666 3091 ne
691 3037 861 3092 destinatum
886 3037 938 3092 iter
961 3047 1087 3108 peterent
1112 3038 1163 3092 sed
1187 3037 1298 3092 diuerso

298 3122 471 3194 siluestrique
484 3126 545 3178 loco
560 3125 634 3194 (del.)
649 3127 834 3194 peruaderent
846 3126 906 3179 loco
922 3125 1006 3195 (dei).
1018 3127 1057 3180 A.

332 3213 390 3265 loca
408 3212 536 3282 quamuis
555 3212 688 3266 omissum
707 3212 733 3266 in
752 3215 779 3266 P
796 3212 885 3281 fuerit,
900 3215 1074 3267 reddendum
1092 3223 1161 3282 puto
1175 3210 1298 3276 Velleio;

297 3298 340 3353 bis
366 3298 439 3352 enim
465 3299 493 3353 id
518 3317 574 3353 non
587 3310 727 3354 exarasset
752 3299 964 3369 Amerbachius,
986 3300 1040 3355 nisi
1063 3297 1216 3354 certissima
1240 3297 1299 3353 eius

298 3385 449 3441 inuenisset
462 3385 588 3456 uestigia

334 3477 373 3542 83
389 3489 400 3528 1
423 3475 541 3528 Plancus
555 3515 561 3528 .
575 3475 712 3528 ..morbo
729 3474 915 3543 proditor...
934 3473 1078 3542 transfugit
1095 3475 1132 3528 ad
1150 3475 1299 3528 Caesarem

299 3572 326 3616 et
340 3561 414 3614 idem
427 3573 523 3631 postea
537 3560 710 3615 clementiam
728 3560 839 3615 uictoris
852 3580 903 3632 pro
915 3579 966 3616 sua
983 3560 1083 3615 uirtute
1102 3559 1300 3630 interpretaba-

299 3660 345 3704 tur
369 3647 499 3702 dictitans
519 3647 547 3702 id
572 3649 721 3718 probatum
746 3667 763 3702 a
784 3650 906 3703 Caesare
931 3647 974 3702 cui
999 3647 1044 3702 ille
1069 3647 1211 3718 ignouerat
1236 3664 1300 3700 mox

298 3747 347 3792 aut
362 3735 466 3804 (autem
479 3737 515 3805 P)
529 3737 603 3790 hunc
616 3753 681 3789 mox
693 3737 860 3791 auunculum
874 3735 961 3790 Titius
975 3735 1096 3790 imitatus
1109 3745 1160 3789 est.
1173 3736 1201 3789 Α
1205 3775 1211 3789 .

335 3822 441 3878 Vitiata
453 3826 539 3878 uerba
550 3841 618 3878 mox
633 3830 685 3876 aut
699 3822 814 3893 (autem)
827 3823 902 3878 hunc
914 3841 981 3878 max
991 3825 1165 3877 auunculum
1179 3821 1217 3877 sic
1229 3819 1301 3875 ordi-

778 3934 826 3986 170
