3024 4568
492 418 837 480 COMMENTARIVS
859 417 1057 478 CRITICVS

313 582 451 653 miqui
481 583 622 638 concussis
654 582 804 653 (suprascr.
834 581 987 652 concussis)
1020 581 1141 637 hostium
1172 579 1275 636 uiribus

279 669 400 725 classicis
413 659 593 740 peditumque
605 670 823 741 expeditionibus
836 689 900 725 cum
912 689 956 725 res
971 669 1123 724 Galliarum
1137 668 1276 723 maximae

279 758 359 811 molis
384 775 558 828 accensaque
582 759 664 828 plebe
687 757 887 814 Viennensium
916 756 1104 812 dissensiones
1136 755 1277 810 coertione

279 845 369 914 magis
382 863 465 914 quam
484 863 574 915 poena
591 845 726 902 mollisset
745 856 857 900 senatus
876 846 1049 916 populusque
1068 847 1103 899 R.
1116 844 1276 913 postulante

279 941 356 1001 patre
375 931 432 986 eius
450 943 479 986 ut
496 949 598 1002 equum
619 933 678 986 eius
699 932 726 986 in
746 932 874 987 omnibus
895 932 1039 1002 prouintiis
1058 931 1276 1000 exercitibusque

279 1029 354 1072 esset
373 1035 457 1088 quam
476 1029 535 1074 erat
554 1018 613 1089 ipse
633 1020 743 1074 decreto
762 1021 891 1089 coplexus
911 1029 983 1074 esset
1004 1018 1106 1074 etenim
1125 1019 1276 1073 absurdum

279 1114 339 1158 erat
351 1122 407 1160 non
421 1123 482 1160 esse
494 1108 545 1160 sub
558 1105 604 1160 illo
618 1123 690 1176 quae
708 1107 744 1160 ab
764 1105 809 1160 illo
822 1105 1033 1161 uindicabantur
1044 1116 1072 1161 et
1086 1106 1132 1176 qui
1145 1108 1182 1160 ad
1194 1123 1277 1175 opem

279 1193 423 1246 serendam
443 1192 547 1262 primus
570 1203 629 1248 erat
654 1195 691 1247 ad
715 1193 913 1248 uindicandum
935 1195 1069 1248 honorem
1088 1211 1145 1247 non
1165 1191 1278 1247 iudicari

279 1296 375 1348 parem
389 1278 416 1332 in
429 1281 525 1333 urbem
538 1297 665 1334 reuersus
679 1321 685 1335 .
699 1318 705 1333 .
719 1322 726 1336 .
739 1279 794 1349 egit
807 1279 986 1350 triumphum.
998 1282 1036 1335 A.

315 1383 488 1436 accensaque
500 1371 585 1419 etiam
597 1368 710 1420 Burer:
729 1383 917 1436 accensasque
927 1369 960 1422 P.
997 1365 1085 1436 plebis
1099 1368 1125 1419 P
1136 1372 1164 1418 et
1174 1367 1277 1420 Burer.

281 1451 419 1506 coertione
432 1455 517 1506 etiam
529 1455 572 1506 P:
591 1460 623 1505 at
634 1458 722 1522 supra
742 1452 864 1507 classicis
882 1471 944 1507 cum
956 1456 984 1508 Α
996 1456 1080 1507 etiam
1092 1455 1136 1509 P:
1162 1471 1231 1506 num
1245 1470 1281 1506 ex

280 1539 418 1594 coertione
430 1558 503 1609 quae
514 1540 621 1610 syllaba
633 1541 738 1593 excidit
750 1539 774 1594 ci
784 1545 838 1610 per
849 1543 955 1594 uitam
968 1541 1076 1594 tralata
1089 1548 1136 1606 est,
1150 1547 1183 1594 ut
1194 1541 1282 1594 scribi

275 1630 373 1695 patius
390 1627 485 1680 debeat
503 1626 617 1682 classis?
662 1627 720 1682 eius
738 1630 808 1682 BP:
838 1627 864 1682 ei
881 1627 922 1684 ius
941 1631 1010 1684 cani.
1022 1628 1184 1683 Rhenanus.
1220 1626 1311 1696 ipse.

280 1715 350 1768 BP:
370 1712 422 1782 ipsi
433 1714 594 1768 Rhenanus.

317 1801 472 1855 Rhenanus
484 1818 548 1855 cum
561 1799 658 1855 addito
670 1807 697 1854 et
708 1811 773 1856 ante
786 1807 901 1856 senatus
914 1803 987 1856 hanc
1005 1803 1159 1856 clausulam
1171 1819 1204 1855 ex
1216 1819 1279 1854 cum

281 1888 402 1956 pendere
415 1887 534 1954 lecisset,
548 1889 634 1942 uerba
646 1892 745 1942 etenim
756 1929 763 1942 .
774 1930 780 1944 .
791 1893 905 1958 ‚parem
918 1907 968 1958 per
980 1888 1158 1959 parenthesin
1171 1887 1281 1942 adiecta

282 1983 414 2043 putasset,
423 1975 559 2044 apodosin
568 1974 708 2030 statuisset
719 1975 806 2029 inillis
817 1976 930 2030 demum
941 1975 999 2030 fieri
1008 1980 1039 2030 in
1048 1977 1142 2029 urbem
1152 1994 1282 2029 reuersus

280 2103 285 2115 .
302 2104 307 2116 .
321 2104 328 2116 .
342 2066 407 2132 egit,
421 2061 449 2115 id
465 2061 589 2132 plerique
605 2063 687 2133 inque
705 2062 746 2117 eis
765 2062 884 2116 Kritzius
905 2063 1088 2133 Halmiusque
1106 2073 1280 2132 receperunt,

282 2165 450 2218 quamquam
463 2166 520 2202 non
533 2150 634 2203 desunt
648 2149 694 2219 qui
710 2160 738 2203 ut
752 2152 932 2204 Vascosanus
944 2160 971 2204 et
986 2153 1108 2205 Laurens
1123 2149 1186 2204 huic
1198 2149 1280 2203 iuter·

282 2235 429 2304 pretationi
450 2253 508 2289 non
530 2235 751 2305 subscripserint.
795 2236 866 2290 Mihi
887 2239 1044 2307 corruptela
1063 2237 1152 2291 inesse
1172 2235 1281 2290 uidetur

283 2323 341 2378 istis
366 2323 494 2392 c'a'plenus
518 2330 587 2376 esset
609 2326 726 2378 etenim:
763 2323 869 2394 scripsit
896 2326 1056 2379 Paterculus
1081 2326 1209 2394 caplexus
1233 2330 1281 2377 est.

281 2410 400 2477 etinim3
420 2412 473 2464 hoc
485 2428 536 2479 per
550 2409 764 2479 dittographiam
782 2413 933 2481 quamdam
952 2412 1075 2478 syllabae
1088 2418 1115 2464 et
1131 2411 1159 2465 id
1176 2411 1280 2464 tactum

282 2507 324 2553 est
347 2498 421 2567 quod
442 2506 470 2552 et
491 2500 579 2551 Burer
601 2507 629 2551 et
646 2499 850 2552 Amerbachius
872 2509 900 2553 et
921 2500 1076 2552 Rhenanus
1095 2498 1233 2552 testantur
1254 2496 1282 2550 in

284 2583 463 2641 Murbacensi
481 2583 575 2640 fuisse.
612 2587 709 2654 ltaque
728 2584 864 2654 apodosin
889 2595 981 2640 statuo
1005 2585 1033 2638 in
1058 2584 1149 2640 uerbis
1168 2590 1283 2638 senatus

277 2675 455 2743 populusque
466 2674 500 2726 R.
515 2713 521 2726 .
536 2715 542 2728 .
556 2714 562 2727 .
575 2673 679 2726 decreta
692 2673 849 2741 complexus
860 2678 907 2727 est.

317 2761 364 2814 Ad
378 2759 424 2813 illa
437 2769 466 2813 ut
479 2769 602 2816 reuertar
613 2776 778 2828 accensaque
786 2760 866 2828 plebe
885 2759 1081 2813 Viennensium
1093 2760 1282 2826 dissensiones,

283 2864 461 2918 quamquam,
486 2845 658 2915 propositum
683 2864 807 2913 seruans,
831 2845 1035 2901 Amerbachius
1059 2846 1135 2917 quod
1160 2845 1236 2900 dedit
1255 2845 1282 2900 in

283 2945 359 2990 textu
378 2932 460 3000 edidi,
480 2943 559 2987 erunt
578 2933 677 3003 quibus
697 2933 786 3001 magis
804 2933 913 3002 placeat
933 2934 1007 3004 quod
1029 2933 1107 2988 dedit
1128 2935 1281 2988 Rhenanus

282 3038 463 3089 accensasque
475 3021 566 3090 plebis
589 3021 618 3074 V.
637 3022 681 3088 d.;
707 3038 773 3074 nam
792 3028 930 3074 certamen
948 3023 1091 3076 accensum
1108 3020 1201 3074 Liuius
1215 3019 1230 3075 i
1242 3033 1285 3087 57,

278 3109 421 3179 praelium
439 3124 580 3161 accensum
594 3105 628 3162 vi.
643 3122 667 3174 3,
675 3107 817 3175 praelium
836 3108 981 3160 accendere
999 3106 1146 3163 Sallustius
1165 3105 1237 3161 Hist.
1250 3107 1283 3161 ir.

283 3197 307 3252 ii.
330 3210 364 3266 59
384 3195 629 3259 Maurenbrecher,
649 3193 794 3249 dixerunt:
824 3196 923 3265 quibus
942 3196 1016 3249 addo
1036 3196 1101 3250 Sall.
1122 3195 1196 3250 Hist.
1214 3196 1247 3249 fr.
1267 3193 1283 3248 i.

284 3298 327 3352 77.
343 3299 374 3351 14
386 3286 425 3339 M.
438 3301 475 3338 en
484 3302 541 3353 qua
552 3284 716 3352 (tribunicia
718 3283 866 3353 potestate)
881 3301 974 3336 amnes
985 3284 1140 3337 discordiae
1147 3301 1283 3350 accensae,

283 3372 330 3442 qui
342 3373 420 3427 locus
432 3371 534 3425 mirum
547 3381 682 3441 quantum
695 3372 731 3424 ad
744 3372 819 3425 hunc
832 3370 921 3426 Vellei
934 3369 1050 3426 accedit.

320 3459 381 3514 Erit
394 3459 477 3529 igitur
488 3458 661 3515 huiusmodi:
713 3449 714 3452 Ἴ

320 3545 366 3616 qui
386 3545 528 3601 concussis
547 3547 575 3603 h.
588 3564 613 3602 u.
627 3547 726 3600 classis
744 3545 924 3615 peditumque
942 3544 1162 3624 expeditionibus
1181 3563 1244 3599 cum
1262 3563 1284 3600 r.

286 3635 318 3687 G.
333 3649 369 3687 m.
383 3650 419 3688 m.
439 3649 626 3702 accensasque
643 3631 733 3702 plebis
744 3633 779 3688 V.
792 3633 818 3686 d.
832 3631 996 3686 coercitione
1012 3649 1049 3686 m.
1062 3648 1088 3701 q.
1101 3650 1128 3701 p.
1141 3631 1284 3699 mouisset,

286 3731 400 3773 senatus
418 3720 590 3789 populusque
611 3721 644 3774 R.
664 3719 821 3789 postulante
840 3731 919 3788 patre
938 3718 996 3773 eius
1012 3728 1042 3772 ut
1060 3736 1180 3788 aequum
1198 3718 1223 3772 ei
1240 3721 1284 3772 ius

285 3807 302 3862 i.
317 3825 340 3864 o.
354 3824 381 3878 P·
394 3824 418 3863 e.
431 3824 454 3860 e.
469 3823 494 3879 q.
508 3825 532 3862 e.
550 3805 611 3876 ipsi,
625 3807 738 3861 decreto
751 3808 912 3877 complexus
925 3813 976 3861 est.
1013 3806 1127 3860 Etenim
1144 3823 1168 3861 a.
1182 3824 1206 3861 e.
1219 3823 1247 3860 n.
1259 3822 1285 3860 e.

764 3905 809 3953 188
