2996 4520
593 385 749 445 VELLEI
770 384 1012 445 PATERCVLI

305 552 494 614 Antonianae
522 552 622 613 classis
650 572 703 630 per
731 555 773 612 M.
800 551 963 630 Agrippam
989 554 1102 614 Leucas
1127 563 1302 630 expugnata,

304 653 408 710 Patrae
432 661 544 727 captae,
567 649 728 712 Corinthus
752 661 904 727 occupata,
928 648 973 709 bis
995 661 1064 710 ante
1086 649 1224 709 ultimum
1246 650 1304 711 dis-

276 747 415 809 ncrimen
437 747 536 808 classis
558 747 688 808 hostium
710 759 852 825 superata
896 768 946 807 rex
965 751 1109 825 Amyntas
1131 747 1253 808 meliora
1273 760 1304 808 et

303 844 420 905 utiliora
433 857 551 905 secutus
563 867 572 919 3
592 865 662 904 nam
682 843 808 905 Deillius
829 843 956 921 exempli
974 844 1020 904 sui
1034 856 1122 904 tenax
1135 856 1169 905 ut
1182 865 1200 904 a
1214 847 1304 905 Dola-

305 943 414 1002 bella*
432 963 466 999 a*
486 945 525 1003 ad
546 944 704 1004 Caesarem
714 965 723 1017 ;
743 941 847 1019 uirque
866 941 1044 1003 clarissimus
1066 945 1122 1004 Cn.
1140 941 1300 1016 Domitius,
1317 959 1335 1009 5

303 1040 354 1117 qui
379 1043 458 1101 solus
483 1040 720 1100 Antonianarum
743 1038 870 1117 partium
898 1059 1062 1116 numquam
1091 1038 1221 1116 reginam
1246 1038 1303 1098 nisi

303 1138 424 1199 nomine
445 1137 590 1212 salutauit,
613 1137 742 1198 maximo
765 1149 794 1197 et
816 1136 969 1214 praecipiti
991 1137 1122 1214 periculo
1143 1136 1303 1197 transmisit

302 1238 341 1295 ad
356 1237 521 1326 Caesarem.

250 1337 289 1410 85
343 1333 477 1394 Aduenit
503 1332 613 1394 deinde
641 1331 761 1392 maximi
793 1330 971 1392 discriminis
998 1331 1072 1405 dies,
1100 1350 1161 1409 quo
1194 1333 1303 1393 Caesar

302 1430 512 1507 Antoniusque
534 1429 686 1506 productis
706 1428 848 1489 classibus
867 1449 921 1506 pro
938 1430 1032 1488 salute
1045 1431 1126 1502 alter,
1142 1429 1173 1488 in
1187 1428 1302 1489 ruinam
1319 1447 1355 1484 ιο

276 1530 375 1588 aalter
399 1541 539 1588 terrarum
565 1527 644 1588 orbis
672 1526 859 1587 dimicauere.
903 1529 1038 1586 dextrum
1066 1527 1188 1588 nauium
1217 1526 1304 1587 Iulia-

303 1646 407 1686 narum
443 1645 535 1685 cornu
571 1627 614 1684 M.
645 1623 735 1684 Lurio
770 1622 971 1697 commissum,
1000 1626 1119 1684 laeuum
1152 1623 1302 1697 Arrunti0,

303 1723 451 1801 Agrippae
479 1744 569 1783 omne
597 1721 711 1782 classici
740 1721 906 1782 certaminis
934 1721 1086 1782 arbitrium
1096 1745 1105 1797 3
1139 1724 1249 1784 Caesar
1275 1721 1304 1782 ei

303 1822 378 1900 parti
393 1821 564 1894 destinatus,
577 1820 608 1878 in
623 1840 713 1896 quam
727 1839 746 1878 a
759 1821 876 1879 fortuna
891 1831 1053 1893 uocaretur,
1066 1819 1178 1897 ubique
1192 1822 1301 1880 aderat.

303 1918 403 1978 classis
428 1917 542 1977 Antoni
568 1916 699 1993 regimen
727 1915 899 1976 Publicolae
918 1916 1073 1994 'Sosioque
1100 1917 1301 1977 commissum.
1318 1937 1353 1988 15

302 2028 333 2075 at
360 2016 391 2074 in
419 2027 494 2075 terra
528 2016 658 2074 locatum
686 2013 846 2073 exereitum
873 2016 989 2074 Taurus
1018 2014 1160 2088 Caesaris
1190 2013 1303 2075 Antoni

274 2131 289 2179 3
302 2113 422 2190 regebat
437 2111 588 2174 Canidius
633 2110 684 2170 ubi
698 2110 804 2170 initum
821 2121 968 2172 certamen
984 2124 1036 2186 est,
1052 2112 1154 2173 omnia
1168 2112 1198 2171 in
1212 2114 1303 2172 altera

305 2223 387 2287 parte
411 2212 501 2282 fuere,
527 2212 595 2282 dux,
621 2207 754 2286 remiges,
781 2207 896 2282 milites,
920 2208 950 2268 in
974 2212 1065 2270 altera
1091 2209 1165 2269 nihil
1189 2221 1304 2287 praeter

305 2305 420 2366 milites.
453 2306 548 2384 prima
561 2317 689 2383 occupat
702 2308 802 2382 fugam
814 2307 972 2384 Cleopatra
984 2330 990 2366 :
1004 2307 1154 2368 Antonius
1166 2305 1303 2384 fugientis

303 2402 421 2479 reginae
445 2424 535 2480 quam
558 2402 716 2480 pugnantis
740 2402 839 2463 militis
864 2403 909 2463 sui
932 2424 1032 2464 comes
1056 2425 1121 2466 esse
1142 2405 1253 2478 maluit,
1272 2415 1302 2464 et
1317 2429 1352 2466 ao

303 2498 469 2577 imperator,
486 2500 582 2578 quiin
598 2503 761 2561 desertores
776 2499 889 2561 saeuire
909 2502 1059 2575 debuerat,
1075 2505 1207 2563 desertor
1224 2523 1302 2563 exer-

273 2596 377 2665 4citus
401 2598 446 2657 sui
462 2600 557 2658 factus
575 2610 626 2658 est.
668 2597 724 2657 illis
747 2597 836 2658 etiam
851 2600 988 2658 detracto
1009 2599 1105 2676 capite
1126 2599 1157 2662 in
1178 2601 1301 2677 longum

302 2694 459 2756 fortissime
473 2695 626 2773 pugnandi
640 2694 759 2755 durauit
779 2694 945 2755 constantia
964 2708 993 2756 et
1010 2698 1165 2780 desperata
1179 2697 1302 2758 uictoria

302 2791 332 2850 in
355 2805 480 2853 mortem
501 2792 706 2853 dimicabatur.
751 2794 868 2866 Caesar,
885 2813 960 2870 quos
985 2794 1061 2854 ferro
1080 2806 1195 2872 poterat
1215 2795 1301 2857 inter·

334 2961 349 2992 a
361 2947 503 2996 Corinthiis
513 2955 634 3009 suprascr.
645 2947 785 2996 Corinthus
795 2945 822 2994 A
890 2963 905 3008 3
917 2947 1042 3010 Amyntas
1056 2949 1181 3000 Gelmius:
1196 2951 1300 3013 Myntas

300 3009 355 3059 ΑΡ
417 3013 572 3061 melioraP:
590 3012 716 3060 meliorA
818 3012 960 3073 4Deillius
971 3015 1056 3076 scripsi
1064 3020 1158 3063 secutus
1169 3017 1299 3079 Lipsium:

301 3078 334 3124 de
351 3077 417 3126 illius
429 3078 497 3127 AP:
523 3078 623 3126 Dellius
640 3078 709 3140 uulg.
727 3083 749 3125 et
764 3078 838 3125 Kn'ta
903 3080 1029 3140 exemplis
1046 3081 1114 3128 uitae
1132 3091 1228 3131 naxuta
1240 3083 1299 3142 ΑΡ,

301 3158 358 3191 corr.
372 3144 473 3205 Lipsius
538 3159 553 3204 5
571 3144 687 3192 lacunam
699 3145 812 3205 supplent
821 3160 851 3191 ex
860 3142 919 3192 Seu.
931 3143 1033 3194 Suasor.
1047 3146 1062 3194 i.
1077 3161 1090 3205 7
1104 3150 1164 3208 (p.4
1176 3147 1298 3205 Bursian)

300 3208 464 3257 bellissimum
487 3217 573 3256 tamen
596 3224 649 3256 rem
673 3209 782 3257 Deillius
807 3209 852 3271 (sr'c
872 3209 920 3256 cori.
941 3209 1117 3271 Bmxellensris)
1138 3213 1202 3261 dixit
1224 3230 1299 3274 quem

301 3273 411 3322 Messala
424 3274 551 3322 Coruinus
568 3275 724 3323 desultorem
740 3275 862 3322 bellorum
879 3275 990 3323 ciuilium
1006 3283 1089 3336 uocat,
1102 3279 1162 3339 quia
1177 3279 1209 3326 ab
1222 3281 1299 3328 Dola·

300 3339 368 3387 bella
385 3341 417 3387 ad
435 3341 552 3389 Cassium
569 3341 721 3388 transiturus
739 3341 847 3388 salutem
864 3340 912 3388 sibi
931 3349 1019 3402 pactus
1037 3349 1085 3402 est,
1100 3344 1120 3390 si
1139 3343 1298 3393 Dolabellam

300 3406 453 3454 occidisset:
481 3423 496 3454 a
519 3406 610 3454 Cassio
634 3404 729 3453 deinde
751 3407 852 3454 transiit
882 3406 914 3453 ad
934 3407 1083 3469 Antonium,
1107 3410 1245 3458 nouissime
1267 3412 1299 3459 ab

299 3469 416 3518 Antonio
437 3471 571 3532 transfugit
583 3472 615 3518 ad
628 3471 773 3520 Caesarem.
812 3471 888 3519 Verba
900 3488 946 3519 rex
957 3472 1085 3533 Amyntas
1096 3511 1102 3524 .
1118 3510 1124 3523 .
1139 3510 1146 3524 .
1159 3477 1300 3525 transmisit

300 3537 332 3584 ad
345 3535 481 3584 Caesarem
493 3537 580 3583 Haase
593 3537 765 3598 transponebat
775 3542 832 3584 aute
846 3536 889 3584 illa
901 3537 1011 3598 denique
1024 3539 1050 3586 in
1062 3555 1107 3587 ore
1120 3577 1126 3588 .
1140 3577 1146 3589 .
1159 3577 1165 3590 .
1179 3549 1299 3603 superata

301 3602 483 3661 7pericu1aA
560 3617 589 3650 12
609 3601 685 3650 Lurio
701 3601 820 3650 Vrsinus:
840 3602 915 3650 Lario
928 3602 983 3650 ΑΡ
1103 3605 1232 3656 Adruntio
1248 3607 1303 3655 ΑΡ

302 3679 332 3726 15
349 3667 456 3714 Antonii
472 3666 532 3725 ΑΡ,
549 3673 570 3713 et
580 3667 614 3714 sic
626 3669 656 3714 16
821 3668 909 3717 Pulico
928 3669 1101 3732 laesosioque
1117 3671 1172 3719 ΑΡ
1268 3688 1299 3721 aa

301 3732 416 3781 detracto
432 3732 600 3781 Vascosauus:
618 3735 759 3782 detrectato
771 3732 824 3780 ΑΡ

759 3871 791 3936 98
