<?xml version="1.0" encoding="UTF-8"?>
<!DOCTYPE html PUBLIC "-//W3C//DTD XHTML 1.0 Transitional//EN"
    "http://www.w3.org/TR/xhtml1/DTD/xhtml1-transitional.dtd">
<html xmlns="http://www.w3.org/1999/xhtml" xml:lang="en" lang="en">
 <head>
  <title>
</title>
<meta http-equiv="Content-Type" content="text/html;charset=utf-8" />
  <meta name='ocr-system' content='tesseract 3.04.00' />
  <meta name='ocr-capabilities' content='ocr_page ocr_carea ocr_par ocr_line ocrx_word'/>
</head>
<body>
  <div class='ocr_page' id='page_1' title='image "./velleipaterculi00elligoog_0040.png"; bbox 0 0 3010 4520; ppageno 0'>
   <div class='ocr_carea' id='block_1_1' title="bbox 620 426 786 486">
    <p class='ocr_par' dir='ltr' id='par_1_1' title="bbox 620 426 786 486">
     <span class='ocr_line' id='line_1_1' title="bbox 620 426 786 486; baseline 0 -2"><span class='ocrx_word' id='word_1_1' title='bbox 620 426 749 486; x_wconf 93' lang='lat' dir='ltr'><strong>LIBER</strong></span> <span class='ocrx_word' id='word_1_2' title='bbox 771 426 786 484; x_wconf 97' lang='lat' dir='ltr'>I</span> 
     </span>
    </p>
   </div>
   <div class='ocr_carea' id='block_1_2' title="bbox 156 592 1248 3016">
    <p class='ocr_par' dir='ltr' id='par_1_2' title="bbox 156 592 1248 3016">
     <span class='ocr_line' id='line_1_2' title="bbox 203 592 1230 672; baseline -0.004 -16"><span class='ocrx_word' id='word_1_3' title='bbox 203 595 339 656; x_wconf 89' lang='lat' dir='ltr'><strong>ficentiae</strong></span> <span class='ocrx_word' id='word_1_4' title='bbox 353 596 402 656; x_wconf 92' lang='lat' dir='ltr'><strong>uel</strong></span> <span class='ocrx_word' id='word_1_5' title='bbox 416 594 547 656; x_wconf 85' lang='lat' dir='ltr'><strong>luxuriae</strong></span> <span class='ocrx_word' id='word_1_6' title='bbox 561 594 699 672; x_wconf 91' lang='lat' dir='ltr'><strong>princeps</strong></span> <span class='ocrx_word' id='word_1_7' title='bbox 713 595 776 655; x_wconf 90' lang='lat' dir='ltr'><strong>fuit.</strong></span> <span class='ocrx_word' id='word_1_8' title='bbox 820 593 870 654; x_wconf 90' lang='lat' dir='ltr'><strong>uix</strong></span> <span class='ocrx_word' id='word_1_9' title='bbox 884 593 971 654; x_wconf 92' lang='lat' dir='ltr'><strong>ullius</strong></span> <span class='ocrx_word' id='word_1_10' title='bbox 985 592 1081 672; x_wconf 90' lang='lat' dir='ltr'><strong>gentis</strong></span> <span class='ocrx_word' id='word_1_11' title='bbox 1098 592 1201 654; x_wconf 88' lang='lat' dir='ltr'><strong>aetatis</strong></span> <span class='ocrx_word' id='word_1_12' title='bbox 1215 605 1230 653; x_wconf 88' lang='lat'><strong>6</strong></span> 
     </span>
     <span class='ocr_line' id='line_1_3' title="bbox 204 691 1203 767; baseline -0.004 -14"><span class='ocrx_word' id='word_1_13' title='bbox 204 692 314 754; x_wconf 89' lang='lat' dir='ltr'><strong>ordinis</strong></span> <span class='ocrx_word' id='word_1_14' title='bbox 325 691 480 753; x_wconf 92' lang='lat' dir='ltr'><strong>hominem</strong></span> <span class='ocrx_word' id='word_1_15' title='bbox 494 692 652 767; x_wconf 87' lang='lat' dir='ltr'><strong>inueneris,</strong></span> <span class='ocrx_word' id='word_1_16' title='bbox 663 693 747 753; x_wconf 89' lang='lat' dir='ltr'><strong>cuius</strong></span> <span class='ocrx_word' id='word_1_17' title='bbox 758 691 928 753; x_wconf 87' lang='lat' dir='ltr'><strong>felicitatem</strong></span> <span class='ocrx_word' id='word_1_18' title='bbox 939 694 1075 753; x_wconf 84' lang='lat' dir='ltr'><strong>fortunae</strong></span> <span class='ocrx_word' id='word_1_19' title='bbox 1087 691 1203 752; x_wconf 83' lang='lat' dir='ltr'><strong>Metelli</strong></span> 
     </span>
     <span class='ocr_line' id='line_1_4' title="bbox 203 789 1202 868; baseline -0.001 -19"><span class='ocrx_word' id='word_1_20' title='bbox 203 797 364 867; x_wconf 87' lang='lat' dir='ltr'><strong>compares</strong></span> <span class='ocrx_word' id='word_1_21' title='bbox 408 811 478 850; x_wconf 92' lang='lat' dir='ltr'><strong>narn</strong></span> <span class='ocrx_word' id='word_1_22' title='bbox 494 803 615 868; x_wconf 59' lang='lat' dir='ltr'><strong>»praeter</strong></span> <span class='ocrx_word' id='word_1_23' title='bbox 635 789 804 851; x_wconf 90' lang='lat' dir='ltr'><strong>excellentis</strong></span> <span class='ocrx_word' id='word_1_24' title='bbox 826 789 992 867; x_wconf 91' lang='lat' dir='ltr'><strong>triumphos</strong></span> <span class='ocrx_word' id='word_1_25' title='bbox 1013 791 1202 866; x_wconf 87' lang='lat' dir='ltr'>honoresque</span> 
     </span>
     <span class='ocr_line' id='line_1_5' title="bbox 202 889 1202 968; baseline -0.002 -19"><span class='ocrx_word' id='word_1_26' title='bbox 202 889 401 966; x_wconf 91' lang='lat' dir='ltr'><strong>amplissimos</strong></span> <span class='ocrx_word' id='word_1_27' title='bbox 416 901 445 950; x_wconf 91' lang='lat' dir='ltr'><strong>et</strong></span> <span class='ocrx_word' id='word_1_28' title='bbox 459 890 622 968; x_wconf 80' lang='lat' dir='ltr'><strong>principale</strong></span> <span class='ocrx_word' id='word_1_29' title='bbox 640 890 672 950; x_wconf 94' lang='lat' dir='ltr'><strong>in</strong></span> <span class='ocrx_word' id='word_1_30' title='bbox 690 911 722 951; x_wconf 87' lang='lat' dir='ltr'><strong>re</strong></span> <span class='ocrx_word' id='word_1_31' title='bbox 742 890 862 968; x_wconf 91' lang='lat' dir='ltr'><strong>publica</strong></span> <span class='ocrx_word' id='word_1_32' title='bbox 876 890 1024 968; x_wconf 88' lang='lat' dir='ltr'><strong>fastigium</strong></span> <span class='ocrx_word' id='word_1_33' title='bbox 1039 900 1202 950; x_wconf 89' lang='lat' dir='ltr'><strong>extentum-</strong></span> 
     </span>
     <span class='ocr_line' id='line_1_6' title="bbox 174 987 1200 1066; baseline -0.005 -16"><span class='ocrx_word' id='word_1_34' title='bbox 174 1004 187 1050; x_wconf 90' lang='lat'>5</span> <span class='ocrx_word' id='word_1_35' title='bbox 202 1007 260 1065; x_wconf 87' lang='lat' dir='ltr'><strong>que</strong></span> <span class='ocrx_word' id='word_1_36' title='bbox 275 987 354 1048; x_wconf 92' lang='lat' dir='ltr'><strong>uitae</strong></span> <span class='ocrx_word' id='word_1_37' title='bbox 368 988 497 1066; x_wconf 90' lang='lat' dir='ltr'><strong>spatium</strong></span> <span class='ocrx_word' id='word_1_38' title='bbox 512 999 541 1050; x_wconf 94' lang='lat' dir='ltr'><strong>et</strong></span> <span class='ocrx_word' id='word_1_39' title='bbox 555 987 630 1049; x_wconf 90' lang='lat' dir='ltr'><strong>acris</strong></span> <span class='ocrx_word' id='word_1_40' title='bbox 641 987 869 1066; x_wconf 87' lang='lat' dir='ltr'><strong>innocentisque</strong></span> <span class='ocrx_word' id='word_1_41' title='bbox 883 1008 938 1065; x_wconf 91' lang='lat' dir='ltr'><strong>pro</strong></span> <span class='ocrx_word' id='word_1_42' title='bbox 952 1008 983 1049; x_wconf 88' lang='lat' dir='ltr'><strong>re</strong></span> <span class='ocrx_word' id='word_1_43' title='bbox 997 987 1118 1065; x_wconf 91' lang='lat' dir='ltr'><strong>publica</strong></span> <span class='ocrx_word' id='word_1_44' title='bbox 1132 1006 1200 1046; x_wconf 90' lang='lat' dir='ltr'><strong>cum</strong></span> 
     </span>
     <span class='ocr_line' id='line_1_7' title="bbox 201 1084 1202 1163; baseline -0.001 -20"><span class='ocrx_word' id='word_1_45' title='bbox 201 1085 328 1146; x_wconf 90' lang='lat' dir='ltr'><strong>inimicis</strong></span> <span class='ocrx_word' id='word_1_46' title='bbox 345 1085 553 1146; x_wconf 89' lang='lat' dir='ltr'><strong>contentiones</strong></span> <span class='ocrx_word' id='word_1_47' title='bbox 575 1097 714 1163; x_wconf 91' lang='lat' dir='ltr'><strong>quattuor</strong></span> <span class='ocrx_word' id='word_1_48' title='bbox 730 1085 807 1146; x_wconf 88' lang='lat' dir='ltr'><strong>filios</strong></span> <span class='ocrx_word' id='word_1_49' title='bbox 826 1085 951 1159; x_wconf 88' lang='lat' dir='ltr'><strong>sustulit,</strong></span> <span class='ocrx_word' id='word_1_50' title='bbox 968 1084 1066 1146; x_wconf 90' lang='lat' dir='ltr'><strong>omnis</strong></span> <span class='ocrx_word' id='word_1_51' title='bbox 1082 1085 1202 1144; x_wconf 90' lang='lat' dir='ltr'><strong>adultae</strong></span> 
     </span>
     <span class='ocr_line' id='line_1_8' title="bbox 201 1181 1199 1261; baseline -0.002 -19"><span class='ocrx_word' id='word_1_52' title='bbox 201 1183 304 1244; x_wconf 90' lang='lat' dir='ltr'><strong>aetatis</strong></span> <span class='ocrx_word' id='word_1_53' title='bbox 327 1183 411 1257; x_wconf 90' lang='lat' dir='ltr'><strong>uidit,</strong></span> <span class='ocrx_word' id='word_1_54' title='bbox 434 1183 532 1244; x_wconf 88' lang='lat' dir='ltr'><strong>omnis</strong></span> <span class='ocrx_word' id='word_1_55' title='bbox 557 1183 675 1261; x_wconf 88' lang='lat' dir='ltr'><strong>reliquit</strong></span> <span class='ocrx_word' id='word_1_56' title='bbox 697 1183 867 1261; x_wconf 87' lang='lat' dir='ltr'><strong>superstites</strong></span> <span class='ocrx_word' id='word_1_57' title='bbox 892 1195 922 1244; x_wconf 91' lang='lat' dir='ltr'><strong>et</strong></span> <span class='ocrx_word' id='word_1_58' title='bbox 946 1181 1199 1244; x_wconf 82' lang='lat' dir='ltr'><strong>honoratissimos</strong></span> 
     </span>
     <span class='ocr_line' id='line_1_9' title="bbox 201 1277 1230 1359; baseline -0.002 -19"><span class='ocrx_word' id='word_1_59' title='bbox 201 1281 311 1341; x_wconf 89' lang='lat' dir='ltr'><strong>mortui</strong></span> <span class='ocrx_word' id='word_1_60' title='bbox 338 1281 401 1341; x_wconf 91' lang='lat' dir='ltr'><strong>eius</strong></span> <span class='ocrx_word' id='word_1_61' title='bbox 429 1284 539 1343; x_wconf 92' lang='lat' dir='ltr'><strong>lectum</strong></span> <span class='ocrx_word' id='word_1_62' title='bbox 567 1302 621 1359; x_wconf 90' lang='lat' dir='ltr'><strong>pro</strong></span> <span class='ocrx_word' id='word_1_63' title='bbox 649 1281 749 1342; x_wconf 91' lang='lat' dir='ltr'><strong>rostris</strong></span> <span class='ocrx_word' id='word_1_64' title='bbox 773 1283 954 1342; x_wconf 92' lang='lat' dir='ltr'><strong>sustulerunt</strong></span> <span class='ocrx_word' id='word_1_65' title='bbox 978 1291 1117 1358; x_wconf 91' lang='lat' dir='ltr'><strong>quattuor</strong></span> <span class='ocrx_word' id='word_1_66' title='bbox 1138 1277 1230 1354; x_wconf 83' lang='lat' dir='ltr'><strong>frlii,7</strong></span> 
     </span>
     <span class='ocr_line' id='line_1_10' title="bbox 201 1378 1199 1452; baseline -0.002 -14"><span class='ocrx_word' id='word_1_67' title='bbox 201 1399 278 1439; x_wconf 91' lang='lat' dir='ltr'><strong>unus</strong></span> <span class='ocrx_word' id='word_1_68' title='bbox 293 1378 455 1440; x_wconf 89' lang='lat' dir='ltr'><strong>consularis</strong></span> <span class='ocrx_word' id='word_1_69' title='bbox 470 1390 499 1440; x_wconf 91' lang='lat' dir='ltr'><strong>et</strong></span> <span class='ocrx_word' id='word_1_70' title='bbox 514 1379 674 1452; x_wconf 75' lang='lat' dir='ltr'><strong>censorius</strong></span> <span class='ocrx_word' id='word_1_71' title='bbox 690 1381 763 1439; x_wconf 89' lang='lat' dir='ltr'><strong>alter</strong></span> <span class='ocrx_word' id='word_1_72' title='bbox 783 1379 953 1452; x_wconf 89' lang='lat' dir='ltr'><strong>consularis,</strong></span> <span class='ocrx_word' id='word_1_73' title='bbox 969 1378 1071 1438; x_wconf 89' lang='lat' dir='ltr'><strong>tertius</strong></span> <span class='ocrx_word' id='word_1_74' title='bbox 1086 1378 1199 1448; x_wconf 90' lang='lat' dir='ltr'><strong>consul,</strong></span> 
     </span>
     <span class='ocr_line' id='line_1_11' title="bbox 158 1476 1198 1554; baseline -0.003 -18"><span class='ocrx_word' id='word_1_75' title='bbox 158 1492 187 1525; x_wconf 90' lang='lat'><strong>10</strong></span> <span class='ocrx_word' id='word_1_76' title='bbox 201 1487 322 1552; x_wconf 89' lang='lat' dir='ltr'><strong>quartus</strong></span> <span class='ocrx_word' id='word_1_77' title='bbox 344 1476 520 1536; x_wconf 89' lang='lat' dir='ltr'><strong>candidatus</strong></span> <span class='ocrx_word' id='word_1_78' title='bbox 541 1479 721 1549; x_wconf 88' lang='lat' dir='ltr'><strong>consulatus,</strong></span> <span class='ocrx_word' id='word_1_79' title='bbox 737 1497 827 1554; x_wconf 92' lang='lat' dir='ltr'><strong>quern</strong></span> <span class='ocrx_word' id='word_1_80' title='bbox 846 1479 991 1538; x_wconf 91' lang='lat' dir='ltr'><strong>honorem</strong></span> <span class='ocrx_word' id='word_1_81' title='bbox 1005 1476 1131 1551; x_wconf 91' lang='lat' dir='ltr'><strong>adeptus</strong></span> <span class='ocrx_word' id='word_1_82' title='bbox 1146 1484 1198 1534; x_wconf 88' lang='lat' dir='ltr'><strong>est.</strong></span> 
     </span>
     <span class='ocr_line' id='line_1_12' title="bbox 201 1571 1184 1650; baseline -0.002 -18"><span class='ocrx_word' id='word_1_83' title='bbox 201 1575 260 1633; x_wconf 93' lang='lat' dir='ltr'><strong>hoc</strong></span> <span class='ocrx_word' id='word_1_84' title='bbox 273 1584 318 1633; x_wconf 91' lang='lat' dir='ltr'><strong>est</strong></span> <span class='ocrx_word' id='word_1_85' title='bbox 332 1573 472 1633; x_wconf 90' lang='lat' dir='ltr'><strong>nimirum</strong></span> <span class='ocrx_word' id='word_1_86' title='bbox 487 1573 579 1650; x_wconf 89' lang='lat' dir='ltr'><strong>magis</strong></span> <span class='ocrx_word' id='word_1_87' title='bbox 594 1574 717 1634; x_wconf 86' lang='lat' dir='ltr'><strong>feliciter</strong></span> <span class='ocrx_word' id='word_1_88' title='bbox 731 1576 770 1635; x_wconf 93' lang='lat' dir='ltr'><strong>de</strong></span> <span class='ocrx_word' id='word_1_89' title='bbox 783 1574 845 1634; x_wconf 91' lang='lat' dir='ltr'><strong>uita</strong></span> <span class='ocrx_word' id='word_1_90' title='bbox 858 1574 982 1650; x_wconf 88' lang='lat' dir='ltr'><strong>migrare</strong></span> <span class='ocrx_word' id='word_1_91' title='bbox 996 1593 1087 1649; x_wconf 90' lang='lat' dir='ltr'><strong>quam</strong></span> <span class='ocrx_word' id='word_1_92' title='bbox 1101 1571 1184 1637; x_wconf 87' lang='lat' dir='ltr'><strong>mori.</strong></span> 
     </span>
     <span class='ocr_line' id='line_1_13' title="bbox 241 1668 1248 1748; baseline 0.004 -21"><span class='ocrx_word' id='word_1_93' title='bbox 241 1669 388 1730; x_wconf 89' lang='lat' dir='ltr'><strong>Vniuersa</strong></span> <span class='ocrx_word' id='word_1_94' title='bbox 416 1669 534 1744; x_wconf 91' lang='lat' dir='ltr'><strong>deinde,</strong></span> <span class='ocrx_word' id='word_1_95' title='bbox 564 1681 597 1730; x_wconf 90' lang='lat' dir='ltr'><strong>ut</strong></span> <span class='ocrx_word' id='word_1_96' title='bbox 624 1670 832 1748; x_wconf 83' lang='lat' dir='ltr'><strong>praediximus,</strong></span> <span class='ocrx_word' id='word_1_97' title='bbox 861 1670 1001 1730; x_wconf 92' lang='lat' dir='ltr'><strong>instincta</strong></span> <span class='ocrx_word' id='word_1_98' title='bbox 1028 1668 1060 1729; x_wconf 91' lang='lat' dir='ltr'><strong>in</strong></span> <span class='ocrx_word' id='word_1_99' title='bbox 1087 1668 1200 1728; x_wconf 91' lang='lat' dir='ltr'><strong>bellum</strong></span> <span class='ocrx_word' id='word_1_100' title='bbox 1213 1690 1248 1733; x_wconf 75' lang='lat'><strong>12</strong></span> 
     </span>
     <span class='ocr_line' id='line_1_14' title="bbox 201 1764 1201 1845; baseline 0 -21"><span class='ocrx_word' id='word_1_101' title='bbox 201 1766 323 1840; x_wconf 86' lang='lat' dir='ltr'><strong>Achaia,</strong></span> <span class='ocrx_word' id='word_1_102' title='bbox 353 1767 437 1827; x_wconf 91' lang='lat' dir='ltr'><strong>cuius</strong></span> <span class='ocrx_word' id='word_1_103' title='bbox 465 1788 532 1845; x_wconf 91' lang='lat' dir='ltr'><strong>pars</strong></span> <span class='ocrx_word' id='word_1_104' title='bbox 561 1788 676 1845; x_wconf 86' lang='lat' dir='ltr'><strong>magna,</strong></span> <span class='ocrx_word' id='word_1_105' title='bbox 701 1767 834 1828; x_wconf 89' lang='lat' dir='ltr'><strong>eiusdem</strong></span> <span class='ocrx_word' id='word_1_106' title='bbox 864 1767 981 1828; x_wconf 90' lang='lat' dir='ltr'><strong>Metelli</strong></span> <span class='ocrx_word' id='word_1_107' title='bbox 1009 1764 1201 1826; x_wconf 89' lang='lat' dir='ltr'><strong>Macedonici</strong></span> 
     </span>
     <span class='ocr_line' id='line_1_15' title="bbox 202 1863 1201 1942; baseline -0.001 -19"><span class='ocrx_word' id='word_1_108' title='bbox 202 1863 310 1924; x_wconf 89' lang='lat' dir='ltr'><strong>uirtute</strong></span> <span class='ocrx_word' id='word_1_109' title='bbox 336 1865 485 1942; x_wconf 88' lang='lat' dir='ltr'><strong>armisque</strong></span> <span class='ocrx_word' id='word_1_110' title='bbox 513 1867 605 1925; x_wconf 88' lang='lat' dir='ltr'><strong>fracta</strong></span> <span class='ocrx_word' id='word_1_111' title='bbox 632 1876 702 1938; x_wconf 90' lang='lat' dir='ltr'><strong>erat,</strong></span> <span class='ocrx_word' id='word_1_112' title='bbox 726 1864 853 1925; x_wconf 88' lang='lat' dir='ltr'><strong>maxime</strong></span> <span class='ocrx_word' id='word_1_113' title='bbox 878 1863 1040 1926; x_wconf 90' lang='lat' dir='ltr'><strong>Corinthiis</strong></span> <span class='ocrx_word' id='word_1_114' title='bbox 1064 1863 1095 1923; x_wconf 92' lang='lat' dir='ltr'><strong>in</strong></span> <span class='ocrx_word' id='word_1_115' title='bbox 1120 1883 1201 1923; x_wconf 89' lang='lat' dir='ltr'><strong>arma</strong></span> 
     </span>
     <span class='ocr_line' id='line_1_16' title="bbox 159 1960 1198 2039; baseline 0 -19"><span class='ocrx_word' id='word_1_116' title='bbox 159 1979 186 2028; x_wconf 84' lang='lat'><strong>15</strong></span> <span class='ocrx_word' id='word_1_117' title='bbox 200 1981 269 2021; x_wconf 92' lang='lat' dir='ltr'><strong>cum</strong></span> <span class='ocrx_word' id='word_1_118' title='bbox 290 1962 429 2038; x_wconf 88' lang='lat' dir='ltr'><strong>grauibus</strong></span> <span class='ocrx_word' id='word_1_119' title='bbox 447 1962 536 2023; x_wconf 92' lang='lat' dir='ltr'><strong>etiam</strong></span> <span class='ocrx_word' id='word_1_120' title='bbox 555 1962 586 2022; x_wconf 93' lang='lat' dir='ltr'><strong>in</strong></span> <span class='ocrx_word' id='word_1_121' title='bbox 606 1966 761 2023; x_wconf 90' lang='lat' dir='ltr'><strong>Romanos</strong></span> <span class='ocrx_word' id='word_1_122' title='bbox 781 1962 968 2023; x_wconf 91' lang='lat' dir='ltr'><strong>contumeliis</strong></span> <span class='ocrx_word' id='word_1_123' title='bbox 982 1960 1198 2039; x_wconf 89' lang='lat' dir='ltr'><strong>instigantibus.</strong></span> 
     </span>
     <span class='ocr_line' id='line_1_17' title="bbox 200 2058 1227 2138; baseline 0.003 -20"><span class='ocrx_word' id='word_1_124' title='bbox 200 2058 364 2120; x_wconf 88' lang='lat' dir='ltr'><strong>destinatus</strong></span> <span class='ocrx_word' id='word_1_125' title='bbox 378 2060 407 2120; x_wconf 94' lang='lat' dir='ltr'><strong>ei</strong></span> <span class='ocrx_word' id='word_1_126' title='bbox 420 2061 500 2121; x_wconf 91' lang='lat' dir='ltr'><strong>bello</strong></span> <span class='ocrx_word' id='word_1_127' title='bbox 514 2062 645 2138; x_wconf 90' lang='lat' dir='ltr'><strong>gerendo</strong></span> <span class='ocrx_word' id='word_1_128' title='bbox 663 2062 769 2121; x_wconf 91' lang='lat' dir='ltr'><strong>consul</strong></span> <span class='ocrx_word' id='word_1_129' title='bbox 787 2059 961 2120; x_wconf 89' lang='lat' dir='ltr'><strong>Mummius.</strong></span> <span class='ocrx_word' id='word_1_130' title='bbox 1005 2071 1035 2120; x_wconf 94' lang='lat' dir='ltr'><strong>et</strong></span> <span class='ocrx_word' id='word_1_131' title='bbox 1049 2060 1105 2120; x_wconf 92' lang='lat' dir='ltr'><strong>sub</strong></span> <span class='ocrx_word' id='word_1_132' title='bbox 1120 2058 1201 2119; x_wconf 90' lang='lat' dir='ltr'><strong>idem</strong></span> <span class='ocrx_word' id='word_1_133' title='bbox 1216 2089 1227 2121; x_wconf 85' lang='lat'>2</span> 
     </span>
     <span class='ocr_line' id='line_1_18' title="bbox 200 2156 1203 2235; baseline -0.001 -19"><span class='ocrx_word' id='word_1_134' title='bbox 200 2167 326 2233; x_wconf 88' lang='lat' dir='ltr'><strong>tempus,</strong></span> <span class='ocrx_word' id='word_1_135' title='bbox 342 2157 435 2235; x_wconf 88' lang='lat' dir='ltr'><strong>magis</strong></span> <span class='ocrx_word' id='word_1_136' title='bbox 452 2157 523 2235; x_wconf 91' lang='lat' dir='ltr'><strong>quia</strong></span> <span class='ocrx_word' id='word_1_137' title='bbox 536 2158 679 2218; x_wconf 90' lang='lat' dir='ltr'><strong>uolebant</strong></span> <span class='ocrx_word' id='word_1_138' title='bbox 700 2157 839 2230; x_wconf 90' lang='lat' dir='ltr'><strong>Romani,</strong></span> <span class='ocrx_word' id='word_1_139' title='bbox 855 2156 1002 2234; x_wconf 93' lang='lat' dir='ltr'><strong>quidquid</strong></span> <span class='ocrx_word' id='word_1_140' title='bbox 1021 2158 1060 2217; x_wconf 92' lang='lat' dir='ltr'><strong>de</strong></span> <span class='ocrx_word' id='word_1_141' title='bbox 1081 2157 1203 2218; x_wconf 88' lang='lat' dir='ltr'><strong>Cartha-</strong></span> 
     </span>
     <span class='ocr_line' id='line_1_19' title="bbox 202 2253 1202 2333; baseline 0 -20"><span class='ocrx_word' id='word_1_142' title='bbox 202 2253 385 2330; x_wconf 88' lang='lat' dir='ltr'><strong>giniensibus</strong></span> <span class='ocrx_word' id='word_1_143' title='bbox 407 2255 562 2330; x_wconf 90' lang='lat' dir='ltr'><strong>diceretur,</strong></span> <span class='ocrx_word' id='word_1_144' title='bbox 578 2258 707 2329; x_wconf 88' lang='lat' dir='ltr'><strong>credere,</strong></span> <span class='ocrx_word' id='word_1_145' title='bbox 723 2275 813 2333; x_wconf 92' lang='lat' dir='ltr'><strong>quam</strong></span> <span class='ocrx_word' id='word_1_146' title='bbox 833 2255 904 2332; x_wconf 91' lang='lat' dir='ltr'><strong>quia</strong></span> <span class='ocrx_word' id='word_1_147' title='bbox 922 2255 1073 2316; x_wconf 87' lang='lat' dir='ltr'><strong>credenda</strong></span> <span class='ocrx_word' id='word_1_148' title='bbox 1091 2255 1202 2314; x_wconf 90' lang='lat' dir='ltr'><strong>adfere-</strong></span> 
     </span>
     <span class='ocr_line' id='line_1_20' title="bbox 201 2351 1230 2430; baseline -0.001 -19"><span class='ocrx_word' id='word_1_149' title='bbox 201 2353 315 2424; x_wconf 91' lang='lat' dir='ltr'><strong>bantur,</strong></span> <span class='ocrx_word' id='word_1_150' title='bbox 332 2352 433 2413; x_wconf 88' lang='lat' dir='ltr'><strong>statuit</strong></span> <span class='ocrx_word' id='word_1_151' title='bbox 451 2365 570 2414; x_wconf 92' lang='lat' dir='ltr'><strong>senatus</strong></span> <span class='ocrx_word' id='word_1_152' title='bbox 585 2353 796 2430; x_wconf 85' lang='lat' dir='ltr'><strong>Carthaginem</strong></span> <span class='ocrx_word' id='word_1_153' title='bbox 815 2352 994 2414; x_wconf 88' lang='lat' dir='ltr'><strong>exscindere.</strong></span> <span class='ocrx_word' id='word_1_154' title='bbox 1038 2351 1079 2411; x_wconf 87' lang='lat' dir='ltr'><strong>ita</strong></span> <span class='ocrx_word' id='word_1_155' title='bbox 1092 2353 1201 2412; x_wconf 92' lang='lat' dir='ltr'><strong>eodem</strong></span> <span class='ocrx_word' id='word_1_156' title='bbox 1216 2375 1230 2422; x_wconf 82' lang='lat'>3</span> 
     </span>
     <span class='ocr_line' id='line_1_21' title="bbox 157 2449 1202 2527; baseline 0.001 -19"><span class='ocrx_word' id='word_1_157' title='bbox 157 2469 187 2502; x_wconf 86' lang='lat'><strong>20</strong></span> <span class='ocrx_word' id='word_1_158' title='bbox 200 2461 334 2527; x_wconf 89' lang='lat' dir='ltr'><strong>tempore</strong></span> <span class='ocrx_word' id='word_1_159' title='bbox 355 2453 387 2510; x_wconf 90' lang='lat' dir='ltr'><strong>P.</strong></span> <span class='ocrx_word' id='word_1_160' title='bbox 404 2450 505 2527; x_wconf 90' lang='lat' dir='ltr'><strong>Scipio</strong></span> <span class='ocrx_word' id='word_1_161' title='bbox 529 2450 723 2524; x_wconf 71' lang='lat' dir='ltr'><strong>Aemilianus</strong></span> <span class='ocrx_word' id='word_1_162' title='bbox 747 2450 793 2511; x_wconf 88' lang='lat' dir='ltr'><strong>uir</strong></span> <span class='ocrx_word' id='word_1_163' title='bbox 806 2450 893 2511; x_wconf 93' lang='lat' dir='ltr'><strong>auitis</strong></span> <span class='ocrx_word' id='word_1_164' title='bbox 908 2453 940 2510; x_wconf 91' lang='lat' dir='ltr'><strong>P.</strong></span> <span class='ocrx_word' id='word_1_165' title='bbox 957 2449 1090 2510; x_wconf 87' lang='lat' dir='ltr'><strong>Africani</strong></span> <span class='ocrx_word' id='word_1_166' title='bbox 1108 2460 1202 2526; x_wconf 93' lang='lat' dir='ltr'><strong>pater-</strong></span> 
     </span>
     <span class='ocr_line' id='line_1_22' title="bbox 200 2546 1201 2624; baseline 0.001 -18"><span class='ocrx_word' id='word_1_167' title='bbox 200 2547 305 2624; x_wconf 91' lang='lat' dir='ltr'><strong>nisque</strong></span> <span class='ocrx_word' id='word_1_168' title='bbox 334 2550 367 2608; x_wconf 91' lang='lat' dir='ltr'><strong>L.</strong></span> <span class='ocrx_word' id='word_1_169' title='bbox 395 2548 480 2608; x_wconf 85' lang='lat' dir='ltr'><strong>Pauli</strong></span> <span class='ocrx_word' id='word_1_170' title='bbox 507 2548 666 2609; x_wconf 89' lang='lat' dir='ltr'><strong>uirtutibus</strong></span> <span class='ocrx_word' id='word_1_171' title='bbox 695 2548 870 2622; x_wconf 91' lang='lat' dir='ltr'><strong>simillimus,</strong></span> <span class='ocrx_word' id='word_1_172' title='bbox 898 2547 1038 2608; x_wconf 92' lang='lat' dir='ltr'><strong>omnibus</strong></span> <span class='ocrx_word' id='word_1_173' title='bbox 1067 2546 1138 2607; x_wconf 92' lang='lat' dir='ltr'><strong>belli</strong></span> <span class='ocrx_word' id='word_1_174' title='bbox 1165 2567 1201 2607; x_wconf 93' lang='lat' dir='ltr'><strong>ac</strong></span> 
     </span>
     <span class='ocr_line' id='line_1_23' title="bbox 199 2641 1200 2723; baseline 0.001 -20"><span class='ocrx_word' id='word_1_175' title='bbox 199 2656 286 2722; x_wconf 89' lang='lat' dir='ltr'><strong>togae</strong></span> <span class='ocrx_word' id='word_1_176' title='bbox 320 2645 442 2706; x_wconf 91' lang='lat' dir='ltr'><strong>dotibus</strong></span> <span class='ocrx_word' id='word_1_177' title='bbox 476 2641 641 2723; x_wconf 85' lang='lat' dir='ltr'><strong>ingenique¹</strong></span> <span class='ocrx_word' id='word_1_178' title='bbox 670 2666 706 2706; x_wconf 90' lang='lat' dir='ltr'><strong>ac</strong></span> <span class='ocrx_word' id='word_1_179' title='bbox 741 2645 907 2706; x_wconf 91' lang='lat' dir='ltr'><strong>studiorum</strong></span> <span class='ocrx_word' id='word_1_180' title='bbox 949 2643 1200 2705; x_wconf 89' lang='lat' dir='ltr'><strong>eminentissimus</strong></span> 
     </span>
     <span class='ocr_line' id='line_1_24' title="bbox 199 2741 1201 2820; baseline -0.001 -18"><span class='ocrx_word' id='word_1_181' title='bbox 199 2743 309 2804; x_wconf 91' lang='lat' dir='ltr'><strong>saeculi</strong></span> <span class='ocrx_word' id='word_1_182' title='bbox 330 2743 384 2817; x_wconf 92' lang='lat' dir='ltr'><strong>sui,</strong></span> <span class='ocrx_word' id='word_1_183' title='bbox 407 2743 459 2820; x_wconf 91' lang='lat' dir='ltr'><strong>qui</strong></span> <span class='ocrx_word' id='word_1_184' title='bbox 479 2743 553 2804; x_wconf 92' lang='lat' dir='ltr'><strong>nihil</strong></span> <span class='ocrx_word' id='word_1_185' title='bbox 574 2743 605 2804; x_wconf 92' lang='lat' dir='ltr'><strong>in</strong></span> <span class='ocrx_word' id='word_1_186' title='bbox 626 2743 688 2804; x_wconf 91' lang='lat' dir='ltr'><strong>uita</strong></span> <span class='ocrx_word' id='word_1_187' title='bbox 708 2744 766 2804; x_wconf 93' lang='lat' dir='ltr'><strong>nisi</strong></span> <span class='ocrx_word' id='word_1_188' title='bbox 787 2745 971 2804; x_wconf 88' lang='lat' dir='ltr'><strong>laudandum</strong></span> <span class='ocrx_word' id='word_1_189' title='bbox 992 2754 1043 2803; x_wconf 92' lang='lat' dir='ltr'><strong>aut</strong></span> <span class='ocrx_word' id='word_1_190' title='bbox 1063 2741 1133 2802; x_wconf 92' lang='lat' dir='ltr'><strong>fecit</strong></span> <span class='ocrx_word' id='word_1_191' title='bbox 1150 2752 1201 2801; x_wconf 91' lang='lat' dir='ltr'><strong>aut</strong></span> 
     </span>
     <span class='ocr_line' id='line_1_25' title="bbox 199 2837 1201 2919; baseline -0.002 -18"><span class='ocrx_word' id='word_1_192' title='bbox 199 2841 272 2901; x_wconf 91' lang='lat' dir='ltr'><strong>dixit</strong></span> <span class='ocrx_word' id='word_1_193' title='bbox 292 2861 328 2901; x_wconf 91' lang='lat' dir='ltr'><strong>ac</strong></span> <span class='ocrx_word' id='word_1_194' title='bbox 347 2841 448 2915; x_wconf 89' lang='lat' dir='ltr'><strong>sensit,</strong></span> <span class='ocrx_word' id='word_1_195' title='bbox 464 2862 554 2919; x_wconf 88' lang='lat' dir='ltr'><strong>quern</strong></span> <span class='ocrx_word' id='word_1_196' title='bbox 570 2844 664 2902; x_wconf 91' lang='lat' dir='ltr'><strong>Paulo</strong></span> <span class='ocrx_word' id='word_1_197' title='bbox 681 2841 823 2918; x_wconf 92' lang='lat' dir='ltr'><strong>genitum,</strong></span> <span class='ocrx_word' id='word_1_198' title='bbox 839 2842 1014 2917; x_wconf 87' lang='lat' dir='ltr'><strong>adoptatum</strong></span> <span class='ocrx_word' id='word_1_199' title='bbox 1028 2861 1047 2900; x_wconf 92' lang='lat' dir='ltr'><strong>a</strong></span> <span class='ocrx_word' id='word_1_200' title='bbox 1061 2837 1201 2916; x_wconf 91' lang='lat' dir='ltr'><strong>Scipione</strong></span> 
     </span>
     <span class='ocr_line' id='line_1_26' title="bbox 156 2938 1198 3016; baseline -0.002 -18"><span class='ocrx_word' id='word_1_201' title='bbox 156 2957 185 3006; x_wconf 77' lang='lat'><strong>25</strong></span> <span class='ocrx_word' id='word_1_202' title='bbox 199 2938 331 2998; x_wconf 91' lang='lat' dir='ltr'><strong>Africani</strong></span> <span class='ocrx_word' id='word_1_203' title='bbox 346 2938 408 2999; x_wconf 93' lang='lat' dir='ltr'><strong>filio</strong></span> <span class='ocrx_word' id='word_1_204' title='bbox 422 2939 559 3013; x_wconf 89' lang='lat' dir='ltr'><strong>diximus,</strong></span> <span class='ocrx_word' id='word_1_205' title='bbox 575 2938 758 3000; x_wconf 90' lang='lat' dir='ltr'><strong>aedilitatem</strong></span> <span class='ocrx_word' id='word_1_206' title='bbox 772 2949 877 3016; x_wconf 88' lang='lat' dir='ltr'><strong>petens</strong></span> <span class='ocrx_word' id='word_1_207' title='bbox 897 2939 1002 2998; x_wconf 92' lang='lat' dir='ltr'><strong>consul</strong></span> <span class='ocrx_word' id='word_1_208' title='bbox 1017 2947 1131 2998; x_wconf 87' lang='lat' dir='ltr'><strong>creatus</strong></span> <span class='ocrx_word' id='word_1_209' title='bbox 1146 2947 1198 2996; x_wconf 94' lang='lat' dir='ltr'><strong>est.</strong></span> 
     </span>
    </p>
   </div>
   <div class='ocr_carea' id='block_1_3' title="bbox 195 3090 1276 4004">
    <p class='ocr_par' dir='ltr' id='par_1_3' title="bbox 195 3090 1276 3943">
     <span class='ocr_line' id='line_1_27' title="bbox 232 3090 1201 3154; baseline -0.001 -16"><span class='ocrx_word' id='word_1_210' title='bbox 232 3107 247 3138; x_wconf 79' lang='lat' dir='ltr'><strong>a</strong></span> <span class='ocrx_word' id='word_1_211' title='bbox 259 3091 376 3139; x_wconf 63' lang='grc' dir='ltr'><strong>οεάἑῃεει</strong></span> <span class='ocrx_word' id='word_1_212' title='bbox 387 3091 485 3140; x_wconf 86' lang='lat' dir='ltr'><strong>ordinis</strong></span> <span class='ocrx_word' id='word_1_213' title='bbox 493 3092 519 3140; x_wconf 88' lang='grc' dir='ltr'><em>Α</em></span> <span class='ocrx_word' id='word_1_214' title='bbox 588 3108 603 3153; x_wconf 90' lang='lat'>4</span> <span class='ocrx_word' id='word_1_215' title='bbox 615 3100 833 3154; x_wconf 87' lang='lat' dir='ltr'><strong>extenuatumqne</strong></span> <span class='ocrx_word' id='word_1_216' title='bbox 841 3090 909 3139; x_wconf 85' lang='lat' dir='ltr'><strong>AP:</strong></span> <span class='ocrx_word' id='word_1_217' title='bbox 924 3097 1059 3139; x_wconf 85' lang='lat' dir='ltr'><strong>extentum</strong></span> <span class='ocrx_word' id='word_1_218' title='bbox 1070 3090 1201 3138; x_wconf 80' lang='lat' dir='ltr'><strong>Gelenius:</strong></span> 
     </span>
     <span class='ocr_line' id='line_1_28' title="bbox 199 3156 1201 3219; baseline 0.001 -16"><span class='ocrx_word' id='word_1_219' title='bbox 199 3162 359 3204; x_wconf 86' lang='lat' dir='ltr'><strong>extentaturn</strong></span> <span class='ocrx_word' id='word_1_220' title='bbox 372 3156 484 3206; x_wconf 81' lang='lat' dir='ltr'><strong>Laurent</strong></span> <span class='ocrx_word' id='word_1_221' title='bbox 547 3158 750 3219; x_wconf 84' lang='lat' dir='ltr'><strong>6quattu0rA:</strong></span> <span class='ocrx_word' id='word_1_222' title='bbox 766 3157 910 3219; x_wconf 86' lang='lat' dir='ltr'><strong>quatuorP</strong></span> <span class='ocrx_word' id='word_1_223' title='bbox 963 3170 1201 3206; x_wconf 88' lang='lat' dir='ltr'><strong>omnes...omnes</strong></span> 
     </span>
     <span class='ocr_line' id='line_1_29' title="bbox 197 3219 1276 3286; baseline -0.001 -17"><span class='ocrx_word' id='word_1_224' title='bbox 197 3221 252 3269; x_wconf 87' lang='grc' dir='ltr'><strong>ΑΡ</strong></span> <span class='ocrx_word' id='word_1_225' title='bbox 265 3219 327 3283; x_wconf 88' lang='lat' dir='ltr'><strong>(uon</strong></span> <span class='ocrx_word' id='word_1_226' title='bbox 338 3221 431 3286; x_wconf 87' lang='lat' dir='ltr'><strong>omnis)</strong></span> <span class='ocrx_word' id='word_1_227' title='bbox 531 3223 547 3270; x_wconf 89' lang='lat'>8</span> <span class='ocrx_word' id='word_1_228' title='bbox 563 3230 673 3284; x_wconf 90' lang='lat' dir='ltr'><strong>quatuor</strong></span> <span class='ocrx_word' id='word_1_229' title='bbox 683 3222 751 3271; x_wconf 87' lang='lat' dir='ltr'><strong>AP:</strong></span> <span class='ocrx_word' id='word_1_230' title='bbox 769 3223 806 3271; x_wconf 88' lang='lat' dir='ltr'><strong>lili</strong></span> <span class='ocrx_word' id='word_1_231' title='bbox 822 3238 889 3271; x_wconf 91' lang='lat' dir='ltr'><strong>unus</strong></span> <span class='ocrx_word' id='word_1_232' title='bbox 905 3237 936 3270; x_wconf 80' lang='lat' dir='ltr'><strong>es</strong></span> <span class='ocrx_word' id='word_1_233' title='bbox 949 3220 1093 3270; x_wconf 90' lang='lat' dir='ltr'><strong>consularis</strong></span> <span class='ocrx_word' id='word_1_234' title='bbox 1106 3221 1160 3282; x_wconf 77' lang='lat' dir='ltr'><strong>(sic)</strong></span> <span class='ocrx_word' id='word_1_235' title='bbox 1172 3221 1198 3268; x_wconf 88' lang='grc' dir='ltr'><em>Α</em></span> <span class='ocrx_word' id='word_1_236' title='bbox 1273 3220 1276 3227; x_wconf 85' lang='grc'><strong>“</strong></span> 
     </span>
     <span class='ocr_line' id='line_1_30' title="bbox 199 3285 1201 3352; baseline 0 -18"><span class='ocrx_word' id='word_1_237' title='bbox 199 3285 309 3335; x_wconf 83' lang='lat' dir='ltr'><strong>filiiAP</strong></span> <span class='ocrx_word' id='word_1_238' title='bbox 419 3303 446 3334; x_wconf 89' lang='lat'><strong>11</strong></span> <span class='ocrx_word' id='word_1_239' title='bbox 464 3288 514 3336; x_wconf 92' lang='lat' dir='ltr'><strong>hoc</strong></span> <span class='ocrx_word' id='word_1_240' title='bbox 527 3294 567 3336; x_wconf 91' lang='lat' dir='ltr'><strong>est</strong></span> <span class='ocrx_word' id='word_1_241' title='bbox 583 3296 657 3352; x_wconf 86' lang='lat' dir='ltr'><strong>super</strong></span> <span class='ocrx_word' id='word_1_242' title='bbox 668 3289 806 3337; x_wconf 81' lang='lat' dir='ltr'><strong>uersumA</strong></span> <span class='ocrx_word' id='word_1_243' title='bbox 874 3287 1071 3348; x_wconf 84' lang='lat' dir='ltr'><strong>immigrareA:</strong></span> <span class='ocrx_word' id='word_1_244' title='bbox 1090 3287 1201 3348; x_wconf 87' lang='lat' dir='ltr'><strong>migrare</strong></span> 
     </span>
     <span class='ocr_line' id='line_1_31' title="bbox 197 3352 1200 3416; baseline -0.001 -15"><span class='ocrx_word' id='word_1_245' title='bbox 197 3352 234 3401; x_wconf 89' lang='lat' dir='ltr'><strong>P:</strong></span> <span class='ocrx_word' id='word_1_246' title='bbox 255 3353 381 3414; x_wconf 87' lang='lat' dir='ltr'><strong>emigrare</strong></span> <span class='ocrx_word' id='word_1_247' title='bbox 397 3353 516 3416; x_wconf 82' lang='lat' dir='ltr'><strong>Kreyssig</strong></span> <span class='ocrx_word' id='word_1_248' title='bbox 530 3357 554 3402; x_wconf 81' lang='lat' dir='ltr'><strong>et</strong></span> <span class='ocrx_word' id='word_1_249' title='bbox 570 3353 635 3402; x_wconf 80' lang='lat' dir='ltr'><strong>Lien</strong></span> <span class='ocrx_word' id='word_1_250' title='bbox 735 3371 765 3403; x_wconf 79' lang='lat'><strong>12</strong></span> <span class='ocrx_word' id='word_1_251' title='bbox 778 3355 864 3403; x_wconf 80' lang='lat' dir='ltr'><strong>‘uerba</strong></span> <span class='ocrx_word' id='word_1_252' title='bbox 884 3361 913 3402; x_wconf 92' lang='lat' dir='ltr'><strong>ut</strong></span> <span class='ocrx_word' id='word_1_253' title='bbox 929 3352 1103 3415; x_wconf 90' lang='lat' dir='ltr'><strong>praediximus</strong></span> <span class='ocrx_word' id='word_1_254' title='bbox 1120 3357 1200 3400; x_wconf 81' lang='lat' dir='ltr'><strong>trans-</strong></span> 
     </span>
     <span class='ocr_line' id='line_1_32' title="bbox 195 3417 1201 3480; baseline -0.003 -13"><span class='ocrx_word' id='word_1_255' title='bbox 195 3417 310 3480; x_wconf 84' lang='lat' dir='ltr'><strong>ponenda</strong></span> <span class='ocrx_word' id='word_1_256' title='bbox 322 3423 383 3466; x_wconf 81' lang='lat' dir='ltr'><strong>sunt</strong></span> <span class='ocrx_word' id='word_1_257' title='bbox 391 3423 448 3479; x_wconf 79' lang='lat' dir='ltr'><strong>post</strong></span> <span class='ocrx_word' id='word_1_258' title='bbox 459 3434 518 3479; x_wconf 88' lang='lat' dir='ltr'><strong>pars</strong></span> <span class='ocrx_word' id='word_1_259' title='bbox 531 3434 630 3480; x_wconf 84' lang='lat' dir='ltr'><strong>magna.</strong></span> <span class='ocrx_word' id='word_1_260' title='bbox 664 3419 704 3467; x_wconf 86' lang='lat' dir='ltr'><strong>De</strong></span> <span class='ocrx_word' id='word_1_261' title='bbox 714 3421 830 3469; x_wconf 79' lang='lat' dir='ltr'><strong>uniuersa</strong></span> <span class='ocrx_word' id='word_1_262' title='bbox 838 3419 936 3467; x_wconf 77' lang='lat' dir='ltr'><strong>Achaia</strong></span> <span class='ocrx_word' id='word_1_263' title='bbox 948 3419 974 3466; x_wconf 79' lang='lat' dir='ltr'><strong>e&#39;n</strong></span> <span class='ocrx_word' id='word_1_264' title='bbox 985 3418 1076 3466; x_wconf 85' lang='lat' dir='ltr'><strong>bellum</strong></span> <span class='ocrx_word' id='word_1_265' title='bbox 1087 3417 1201 3465; x_wconf 75' lang='lat' dir='ltr'><strong>instincta</strong></span> 
     </span>
     <span class='ocr_line' id='line_1_33' title="bbox 200 3482 1201 3548; baseline -0.001 -17"><span class='ocrx_word' id='word_1_266' title='bbox 200 3485 263 3532; x_wconf 67' lang='lat' dir='ltr'><strong>nebit</strong></span> <span class='ocrx_word' id='word_1_267' title='bbox 272 3483 354 3532; x_wconf 79' lang='lat' dir='ltr'><strong>adhuc</strong></span> <span class='ocrx_word' id='word_1_268' title='bbox 367 3483 470 3532; x_wconf 81' lang='lat' dir='ltr'><strong>Velleius</strong></span> <span class='ocrx_word' id='word_1_269' title='bbox 482 3483 589 3532; x_wconf 58' lang='lat' dir='ltr'><strong>deanat&#39;</strong></span> <span class='ocrx_word' id='word_1_270' title='bbox 606 3484 716 3548; x_wconf 85' lang='lat' dir='ltr'><strong>Maduig</strong></span> <span class='ocrx_word' id='word_1_271' title='bbox 836 3500 865 3546; x_wconf 83' lang='lat'><strong>13</strong></span> <span class='ocrx_word' id='word_1_272' title='bbox 882 3485 954 3533; x_wconf 88' lang='lat' dir='ltr'><strong>cuius</strong></span> <span class='ocrx_word' id='word_1_273' title='bbox 965 3499 1026 3545; x_wconf 89' lang='lat' dir='ltr'><strong>pars</strong></span> <span class='ocrx_word' id='word_1_274' title='bbox 1044 3521 1050 3533; x_wconf 86' lang='lat'><strong>.</strong></span> <span class='ocrx_word' id='word_1_275' title='bbox 1069 3519 1075 3532; x_wconf 91' lang='lat'><strong>.</strong></span> <span class='ocrx_word' id='word_1_276' title='bbox 1095 3518 1101 3533; x_wconf 90' lang='lat'><strong>.</strong></span> <span class='ocrx_word' id='word_1_277' title='bbox 1119 3482 1201 3530; x_wconf 82' lang='lat' dir='ltr'><strong>fracta</strong></span> 
     </span>
     <span class='ocr_line' id='line_1_34' title="bbox 198 3546 1198 3612; baseline -0.001 -16"><span class='ocrx_word' id='word_1_278' title='bbox 198 3549 301 3598; x_wconf 82' lang='lat' dir='ltr'><strong>Aldus:</strong></span> <span class='ocrx_word' id='word_1_279' title='bbox 318 3564 375 3597; x_wconf 91' lang='lat' dir='ltr'><strong>cum</strong></span> <span class='ocrx_word' id='word_1_280' title='bbox 385 3565 446 3610; x_wconf 89' lang='lat' dir='ltr'><strong>pars</strong></span> <span class='ocrx_word' id='word_1_281' title='bbox 457 3584 464 3599; x_wconf 95' lang='lat'><strong>.</strong></span> <span class='ocrx_word' id='word_1_282' title='bbox 477 3585 483 3598; x_wconf 94' lang='lat'><strong>.</strong></span> <span class='ocrx_word' id='word_1_283' title='bbox 496 3585 502 3600; x_wconf 92' lang='lat'><strong>.</strong></span> <span class='ocrx_word' id='word_1_284' title='bbox 515 3556 596 3599; x_wconf 85' lang='lat' dir='ltr'><strong>tracta</strong></span> <span class='ocrx_word' id='word_1_285' title='bbox 604 3550 672 3598; x_wconf 83' lang='lat' dir='ltr'><strong>AP:</strong></span> <span class='ocrx_word' id='word_1_286' title='bbox 682 3552 745 3612; x_wconf 81' lang='lat' dir='ltr'><strong>fort.</strong></span> <span class='ocrx_word' id='word_1_287' title='bbox 757 3565 814 3598; x_wconf 87' lang='lat' dir='ltr'><strong>curn</strong></span> <span class='ocrx_word' id='word_1_288' title='bbox 826 3551 882 3598; x_wconf 88' lang='lat' dir='ltr'><strong>eius</strong></span> <span class='ocrx_word' id='word_1_289' title='bbox 983 3564 1013 3610; x_wconf 86' lang='lat'><strong>14</strong></span> <span class='ocrx_word' id='word_1_290' title='bbox 1030 3548 1161 3597; x_wconf 87' lang='lat' dir='ltr'><strong>Corinthis</strong></span> <span class='ocrx_word' id='word_1_291' title='bbox 1172 3546 1198 3595; x_wconf 87' lang='lat' dir='ltr'><em>A</em></span> 
     </span>
     <span class='ocr_line' id='line_1_35' title="bbox 201 3612 1200 3678; baseline -0.002 -16"><span class='ocrx_word' id='word_1_292' title='bbox 201 3617 232 3662; x_wconf 88' lang='lat'><strong>16</strong></span> <span class='ocrx_word' id='word_1_293' title='bbox 249 3615 277 3664; x_wconf 66' lang='lat'><strong>1„</strong></span> <span class='ocrx_word' id='word_1_294' title='bbox 292 3614 350 3665; x_wconf 80' lang='lat' dir='ltr'><strong>add.</strong></span> <span class='ocrx_word' id='word_1_295' title='bbox 363 3614 473 3678; x_wconf 80' lang='lat' dir='ltr'><strong>Stanger</strong></span> <span class='ocrx_word' id='word_1_296' title='bbox 579 3628 607 3675; x_wconf 79' lang='lat'><strong>17</strong></span> <span class='ocrx_word' id='word_1_297' title='bbox 625 3615 881 3678; x_wconf 85' lang='lat' dir='ltr'><strong>Carthaginiensibus</strong></span> <span class='ocrx_word' id='word_1_298' title='bbox 893 3614 934 3663; x_wconf 90' lang='lat' dir='ltr'><strong>B:</strong></span> <span class='ocrx_word' id='word_1_299' title='bbox 952 3612 1200 3676; x_wconf 85' lang='lat' dir='ltr'><strong>Carthaginensibus</strong></span> 
     </span>
     <span class='ocr_line' id='line_1_36' title="bbox 198 3679 1199 3743; baseline -0.001 -16"><span class='ocrx_word' id='word_1_300' title='bbox 198 3680 253 3728; x_wconf 88' lang='grc' dir='ltr'><strong>ΑΡ</strong></span> <span class='ocrx_word' id='word_1_301' title='bbox 339 3680 370 3728; x_wconf 83' lang='lat'><strong>18</strong></span> <span class='ocrx_word' id='word_1_302' title='bbox 387 3681 516 3729; x_wconf 84' lang='lat' dir='ltr'><strong>diceretur</strong></span> <span class='ocrx_word' id='word_1_303' title='bbox 526 3679 596 3728; x_wconf 85' lang='lat' dir='ltr'><strong>AB:</strong></span> <span class='ocrx_word' id='word_1_304' title='bbox 613 3681 744 3730; x_wconf 87' lang='lat' dir='ltr'><strong>dicebatur</strong></span> <span class='ocrx_word' id='word_1_305' title='bbox 754 3682 780 3730; x_wconf 93' lang='lat' dir='ltr'><strong><em>P</em></strong></span> <span class='ocrx_word' id='word_1_306' title='bbox 790 3681 838 3729; x_wconf 87' lang='lat' dir='ltr'><strong>‘ba</strong></span> <span class='ocrx_word' id='word_1_307' title='bbox 849 3681 880 3730; x_wconf 83' lang='lat' dir='ltr'><strong>ab</strong></span> <span class='ocrx_word' id='word_1_308' title='bbox 894 3680 942 3728; x_wconf 79' lang='lat' dir='ltr'><strong>aleb</strong></span> <span class='ocrx_word' id='word_1_309' title='bbox 954 3681 1072 3743; x_wconf 83' lang='lat' dir='ltr'><strong>quopiam</strong></span> <span class='ocrx_word' id='word_1_310' title='bbox 1083 3679 1199 3728; x_wconf 73' lang='lat' dir='ltr'><strong>addetum</strong></span> 
     </span>
     <span class='ocr_line' id='line_1_37' title="bbox 200 3743 1201 3811; baseline -0.002 -18"><span class='ocrx_word' id='word_1_311' title='bbox 200 3745 305 3805; x_wconf 77' lang='lat' dir='ltr'><strong>uidetur,</strong></span> <span class='ocrx_word' id='word_1_312' title='bbox 328 3761 391 3794; x_wconf 87' lang='lat' dir='ltr'><strong>uam</strong></span> <span class='ocrx_word' id='word_1_313' title='bbox 417 3761 468 3795; x_wconf 87' lang='lat' dir='ltr'><strong>nou</strong></span> <span class='ocrx_word' id='word_1_314' title='bbox 493 3749 529 3794; x_wconf 81' lang='lat' dir='ltr'><strong>est</strong></span> <span class='ocrx_word' id='word_1_315' title='bbox 553 3745 744 3811; x_wconf 76' lang='lat' dir='ltr'><strong>chirographum</strong></span> <span class='ocrx_word' id='word_1_316' title='bbox 769 3747 859 3797; x_wconf 80' lang='lat' dir='ltr'><strong>smbae</strong></span> <span class='ocrx_word' id='word_1_317' title='bbox 882 3747 968 3794; x_wconf 81' lang='lat' dir='ltr'><strong>uetcn&#39;s</strong></span> <span class='ocrx_word' id='word_1_318' title='bbox 991 3743 1092 3809; x_wconf 65' lang='lat' dir='ltr'><strong>exemp!</strong></span> <span class='ocrx_word' id='word_1_319' title='bbox 1117 3744 1201 3791; x_wconf 77' lang='lat' dir='ltr'><strong>Bueer</strong></span> 
     </span>
     <span class='ocr_line' id='line_1_38' title="bbox 202 3808 1199 3872; baseline -0.002 -14"><span class='ocrx_word' id='word_1_320' title='bbox 202 3825 232 3872; x_wconf 92' lang='lat'><strong>19</strong></span> <span class='ocrx_word' id='word_1_321' title='bbox 247 3811 369 3860; x_wconf 85' lang='lat' dir='ltr'><strong>excidere</strong></span> <span class='ocrx_word' id='word_1_322' title='bbox 380 3811 449 3860; x_wconf 79' lang='lat' dir='ltr'><strong>AP:</strong></span> <span class='ocrx_word' id='word_1_323' title='bbox 465 3811 617 3861; x_wconf 87' lang='lat' dir='ltr'><strong>exscindere</strong></span> <span class='ocrx_word' id='word_1_324' title='bbox 626 3811 709 3862; x_wconf 85' lang='lat' dir='ltr'><strong>Halm</strong></span> <span class='ocrx_word' id='word_1_325' title='bbox 837 3827 868 3860; x_wconf 79' lang='lat' dir='ltr'><strong>ar</strong></span> <span class='ocrx_word' id='word_1_326' title='bbox 886 3810 1055 3861; x_wconf 86' lang='lat' dir='ltr'><strong>similimusA</strong></span> <span class='ocrx_word' id='word_1_327' title='bbox 1137 3808 1199 3857; x_wconf 91' lang='lat' dir='ltr'><strong>belli</strong></span> 
     </span>
     <span class='ocr_line' id='line_1_39' title="bbox 198 3877 733 3943; baseline -0.002 -17"><span class='ocrx_word' id='word_1_328' title='bbox 198 3883 259 3926; x_wconf 73' lang='lat' dir='ltr'><strong>eote</strong></span> <span class='ocrx_word' id='word_1_329' title='bbox 269 3892 299 3925; x_wconf 87' lang='lat' dir='ltr'><strong>ac</strong></span> <span class='ocrx_word' id='word_1_330' title='bbox 311 3883 387 3938; x_wconf 87' lang='lat' dir='ltr'><strong>togae</strong></span> <span class='ocrx_word' id='word_1_331' title='bbox 400 3877 502 3928; x_wconf 90' lang='lat' dir='ltr'><strong>dotibus</strong></span> <span class='ocrx_word' id='word_1_332' title='bbox 515 3877 627 3940; x_wconf 88' lang='lat' dir='ltr'><strong>iugeniq.</strong></span> <span class='ocrx_word' id='word_1_333' title='bbox 640 3877 651 3943; x_wconf 91' lang='lat'>(</span> <span class='ocrx_word' id='word_1_334' title='bbox 671 3879 695 3942; x_wconf 80' lang='lat'><strong>¹)</strong></span> <span class='ocrx_word' id='word_1_335' title='bbox 708 3877 733 3925; x_wconf 86' lang='grc' dir='ltr'><em>Α</em></span> 
     </span>
    </p>

    <p class='ocr_par' dir='ltr' id='par_1_4' title="bbox 684 3969 710 4004">
     <span class='ocr_line' id='line_1_40' title="bbox 684 3969 710 4004; baseline 0 0"><span class='ocrx_word' id='word_1_336' title='bbox 684 3969 710 4004; x_wconf 87' lang='grc' dir='ltr'><strong>ιι</strong></span> 
     </span>
    </p>
   </div>
   <div class='ocr_carea' id='block_1_4' title="bbox 0 0 1512 4520">
    <p class='ocr_par' dir='ltr' id='par_1_5' title="bbox 0 0 1512 4520">
     <span class='ocr_line' id='line_1_41' title="bbox 0 0 1512 4520; baseline 0 0"><span class='ocrx_word' id='word_1_337' title='bbox 0 0 1512 4520; x_wconf 95' lang='lat' dir='ltr'><strong> </strong></span> 
     </span>
    </p>
   </div>
  </div>
 </body>
</html>
