3024 4568
331 1143 801 1223 COMMENTARIVS
848 1143 1116 1223 CRITICVS

564 1421 693 1478 LIBER
720 1422 880 1480 PRIMVS

256 1589 302 1628 22
334 1578 400 1629 Non
425 1576 568 1630 adsentior
592 1577 789 1632 Gutschmidio
813 1577 915 1646 (Klein.
934 1577 1044 1631 Schrist.
1063 1595 1088 1630 v.
1111 1595 1138 1646 p.
1161 1577 1222 1642 180)

223 1663 349 1716 Seruium
363 1680 435 1732 quae
448 1665 483 1718 de
498 1665 590 1718 Codro
603 1665 757 1718 narrauerit
769 1666 806 1718 ad
819 1667 902 1734 Verg.
917 1666 978 1718 Ecl.
988 1682 1013 1718 v,
1025 1679 1056 1717 12
1070 1681 1103 1717 ex
1116 1663 1222 1717 Velleio

221 1760 376 1803 mutuatum
397 1768 467 1804 esse.
506 1753 581 1804 Nam
606 1751 710 1804 locutio
730 1762 789 1805 tota
811 1751 992 1806 disconuenit.
1032 1753 1140 1805 Codrus
1163 1752 1226 1804 dun

220 1837 437 1890 Atheniensium
447 1840 519 1905 suit,
532 1840 585 1906 qui
600 1845 660 1891 orto
678 1839 745 1891 bello
762 1841 838 1892 inter
853 1839 980 1892 Laconas
996 1845 1023 1890 et
1038 1839 1224 1892 Athenienses

220 1940 283 1976 curn
309 1927 494 1992 respondisset
517 1927 672 1993 oracutum,
697 1927 762 1978 illos
784 1930 867 1995 posse
892 1929 1003 1979 uincere
1021 1943 1143 1994 quorum
1164 1927 1227 1979 dun

214 2013 343 2079 perisset,
360 2011 397 2081 [et
414 2012 504 2064 hostes
521 2015 636 2066 scientes
654 2031 671 2066 a
689 2013 779 2066 Codro
795 2011 986 2080 abstinerent],
1005 2013 1103 2066 habitu
1120 2013 1227 2065 humili

215 2099 359 2167 profectus
377 2105 418 2152 est
435 2100 476 2152 ad
489 2101 612 2152 hostium
631 2102 727 2153 uicina
746 2101 868 2153 tentoria
887 2107 913 2153 et
931 2101 992 2154 illic
1010 2102 1106 2170 iurgio
1127 2117 1171 2152 eos
1192 2115 1223 2153 in

220 2203 301 2238 suain
314 2187 421 2239 caedem
438 2189 592 2256 instigauit
607 2193 634 2239 et
646 2205 664 2239 a
676 2188 755 2239 nullo
772 2189 900 2257 cognitus
905 2189 979 2257 fecit
990 2189 1081 2241 lacurn
1094 2189 1224 2240 oraculo:

222 2273 300 2343 [naui
313 2273 497 2327 Athenienses
510 2291 539 2327 eo
545 2275 655 2343 proelio
667 2272 817 2342 uicerunt].

257 2377 305 2428 95
325 2378 381 2431 quo
403 2378 477 2414 anno
498 2370 525 2414 et
547 2361 647 2415 Octaui
672 2361 722 2428 (sic
740 2378 775 2413 m.
789 2365 848 2430 pn,
871 2360 879 2414 i
898 2365 963 2430 post
982 2361 1091 2430 add'ta)
1114 2361 1223 2414 naualis

222 2449 288 2501 P.R.
302 2458 329 2501 et
343 2447 431 2502 Anitii
444 2449 471 2501 A
484 2451 579 2517 prius,
596 2449 661 2501 dein
679 2450 748 2502 Pu.
761 2465 873 2502 erasum
891 2456 932 2502 est
943 2450 1071 2518 idemque
1084 2450 1222 2502 adiectum

221 2540 306 2604 super
318 2553 429 2588 uersurn
443 2543 508 2588 ante
520 2536 637 2590 naualis.

259 2622 359 2675 Octaui
374 2624 432 2674 PR.
447 2621 553 2676 naualis
565 2624 600 2675 P.

259 2711 323 2763 Hac
347 2727 381 2762 ex
404 2719 484 2762 tanta
504 2708 655 2762 uariatione
674 2710 806 2762 librorum
826 2710 883 2762 ΑΡ
900 2710 1018 2764 fortasse
1045 2711 1224 2764 confirmatur

222 2796 251 2849 id
269 2797 343 2865 quod
361 2796 433 2850 coni.
446 2798 554 2850 Alsters
569 2797 682 2865 Quaest.
697 2796 768 2850 Vell.
782 2814 807 2864 p.
832 2797 872 2863 16,
894 2806 921 2850 et
945 2796 1044 2850 Octaui
1067 2797 1175 2850 naualis
1197 2808 1224 2850 et

222 2883 304 2937 Anici
318 2884 454 2953 praetoris
473 2925 480 2938 .
500 2925 506 2937 .
527 2925 532 2938 .
552 2883 693 2952 triumphi,
703 2894 732 2936 ut
746 2885 862 2937 naualis
874 2885 910 2937 ad
924 2875 1104 2953 triumphum,
1118 2902 1173 2938 non
1187 2886 1223 2938 ad
1290 2947 1292 2952 A

222 2982 379 3040 praetorem
395 2973 536 3026 reseratur.
583 2973 630 3026 Sic
646 2971 739 3024 Liuius
752 2973 805 3024 xlv.
818 2987 852 3038 42
868 2972 918 3026 Cn.
936 2974 1071 3025 Octauius
1084 2973 1224 3025 Kalendis

222 3060 417 3111 Decembribus
429 3059 462 3112 de
474 3077 538 3130 rege
549 3061 650 3113 Perseo
663 3061 794 3112 naualem
808 3061 984 3128 triumphum
997 3063 1062 3129 egit.

259 3147 308 3213 96
328 3146 426 3215 prioris
439 3147 485 3200 A:
510 3147 624 3216 prioreis
641 3149 676 3213 P,
693 3147 840 3200 manifesto
858 3147 933 3214 uitio,
954 3149 1028 3216 quod
1045 3165 1079 3200 ex
1094 3148 1122 3199 A
1137 3147 1223 3216 liquet

223 3233 251 3286 in
267 3233 446 3287 Murbacensi
460 3234 556 3288 codiee
569 3251 626 3287 non
643 3234 736 3299 fuisse,
757 3235 806 3286 sed
824 3253 841 3286 a
860 3234 998 3286 Rhenano
1018 3252 1078 3287 esse
1098 3234 1224 3286 inlatum.

258 3337 292 3375 10
306 3336 316 3374 1
339 3339 402 3374 cum
416 3338 508 3389 regem
523 3321 619 3390 Syriae
631 3322 805 3374 Ptolemeum
822 3337 939 3390 puerum
953 3321 1136 3375 Alexandriae
1150 3321 1223 3374 obsi-

223 3408 309 3462 deret.
320 3409 359 3461 A.
388 3409 559 3462 Warburton
570 3409 725 3476 corrigebat
736 3411 839 3460 iterum
850 3409 982 3460 rediense
993 3410 1078 3478 Syria
1090 3427 1095 3464 :
1116 3409 1225 3462 rediens

223 3496 336 3565 quidem
356 3497 554 3566 probabiliter:
580 3514 646 3549 narn
665 3513 717 3550 nec
735 3513 792 3561 ren,
812 3497 887 3565 quod
907 3497 996 3549 Aldus
1014 3495 1109 3562 edidit,
1128 3489 1225 3550 uerum

222 3593 315 3652 potest
328 3601 397 3650 esse,
412 3594 439 3636 et
452 3585 547 3637 deum
556 3599 588 3653 g,
601 3599 635 3634 ns
648 3600 711 3636 cum
725 3600 752 3635 rn
766 3600 821 3636 non
835 3601 897 3636 raro
910 3592 1111 3652 permutantur.

258 3688 291 3726 10
307 3686 322 3738 3
341 3682 471 3740 quattuor
483 3673 529 3726 A:
551 3681 671 3741 quatuor
683 3673 716 3724 P.

259 3759 329 3812 Cod.
342 3759 557 3812 Murbacensem
567 3757 771 3812 Amerbachius
784 3758 927 3828 expressit,
939 3758 1093 3812 Rhenanus
1103 3766 1229 3828 quatuor

223 3847 310 3901 edidit
324 3864 357 3900 ex
370 3864 447 3901 more
461 3846 563 3901 saeculi
578 3847 628 3914 sui,
642 3847 880 3916 quemadmodum
894 3864 977 3915 supra
983 3849 1118 3916 prioreis.

705 3956 751 4008 147
1047 3937 1101 3995 10*
