3010 4520
557 437 883 496 PROLEGOMENA

219 621 274 662 esse
284 603 320 676 A,
336 605 460 679 equestri
472 605 608 676 BureruS,
625 605 760 679 equestris
771 606 802 662 P.
837 602 898 662 Hic
913 603 974 662 duo
990 612 1133 660 testantur
1143 600 1221 659 abla-

219 709 323 781 tiuum,
339 730 399 769 una
414 712 437 768 P
452 711 593 784 equestris.
639 709 782 770 Cedimus
804 707 916 785 duplici
927 707 1098 768 testimonio
1111 729 1119 780 ;
1140 705 1220 766 uide·

218 815 286 875 licet
300 817 413 874 ordinis
427 828 597 891 corruptum
621 817 715 874 fuerat
732 815 763 874 in
780 817 959 891 archetypo‚·
980 815 1103 874 fortasse
1121 814 1221 871 ordine

217 920 248 980 in
271 924 379 984 ordino
397 921 454 999 (est
474 935 495 980 o
512 921 725 998 compendium
750 920 910 996 scripturae
930 940 985 997 pro
1005 917 1053 997 is)
1073 929 1219 977 mutatum

216 1028 318 1086 suerat.
364 1029 456 1102 Quod
480 1038 580 1087 autem
604 1030 632 1086 A
656 1027 746 1086 habet
768 1028 911 1102 sequestri,
937 1029 1064 1084 Burerus
1089 1025 1218 1099 equestri,

217 1135 308 1193 credo
322 1135 362 1193 ad
377 1134 608 1194 Murbacensem
623 1133 744 1210 propius
759 1136 787 1192 A
801 1134 943 1192 accedere
955 1154 964 1206 3
984 1151 998 1190 s
1012 1131 1085 1190 illud
1102 1140 1170 1206 post
1180 1149 1219 1187 ex

217 1250 324 1316 sponte
338 1239 507 1300 adcreuisse
525 1260 578 1316 per
592 1238 658 1298 soni
673 1238 905 1311 similitudinem,
924 1239 1102 1313 exsequestri,
1119 1257 1231 1313 quem-s

216 1348 381 1406 admodum
400 1349 522 1423 exsequi,
538 1348 644 1422 exequi
655 1345 827 1422 saepissime
841 1345 917 1405 inter
931 1367 962 1406 se
977 1356 1090 1404 mutata
1110 1356 1218 1417 extant,

217 1453 258 1512 ita
278 1465 378 1513 tamen
396 1466 429 1514 ut
448 1475 504 1514 exs.
520 1457 722 1531 frequentetur
737 1455 828 1530 magis
843 1454 874 1513 in
888 1453 1108 1531 antiquissimis

259 1581 285 1636 3.
310 1561 383 1620 Loci
397 1561 427 1619 in
443 1561 552 1637 quibus
567 1564 595 1620 A
609 1572 639 1621 et
654 1560 807 1639 B(urerus)
823 1573 926 1621 contra
941 1564 964 1620 P
980 1560 1156 1636 conspirant.

258 1665 286 1724 ii.
307 1683 350 1742 15.
371 1688 383 1724 1
400 1669 579 1726 Fouteou'um
594 1669 657 1739 AB,
673 1669 823 1726 Fonteium
840 1670 872 1726 P.
917 1688 962 1743 32.
983 1688 995 1724 1
1016 1667 1138 1726 nimium
1159 1667 1219 1725 ram

217 1772 290 1830 liber
312 1780 391 1830 aeret
410 1775 480 1848 reip.
505 1776 568 1846 AB,
592 1775 665 1832 liber
687 1793 751 1830 aere
780 1775 848 1849 reip.
876 1776 907 1831 P.
952 1772 1014 1831 Hic
1038 1773 1219 1848 archetypon

216 1886 295 1936 aeret
306 1879 406 1955 potius
420 1899 511 1956 quam
526 1900 590 1937 aere
604 1877 783 1955 praestitisse
804 1878 913 1951 iudice,
929 1877 1066 1954 quamuis
1080 1877 1111 1937 in
1126 1879 1220 1938 dubio

217 1984 254 2044 sit
268 1985 341 2061 quid
363 1985 394 2045 in
416 1986 467 2046 illo
488 1994 544 2045 -ret
562 1988 659 2058 lateat,
682 1985 836 2062 possitque
858 2005 894 2044 ex
916 2005 997 2044 mera
1022 1984 1220 2061 dittographia

216 2091 342 2164 uenisse,
367 2113 436 2152 cum
455 2094 501 2152 rei
520 2095 597 2152 male
620 2094 786 2152 confusum.
830 2094 879 2150 An
904 2090 1055 2166 exciditfi
1077 2091 1219 2167 paulatim

216 2197 326 2258 deinde
348 2219 384 2258 ex
404 2201 508 2258 liberae
514 2201 589 2276 fieri
600 2201 668 2276 reip.
685 2201 847 2259 conflatum
863 2209 908 2258 est
921 2200 995 2257 liber
1006 2200 1105 2256 aeret?
1136 2218 1183 2271 44.
1202 2219 1217 2255 2

217 2307 386 2365 auctoritate
398 2308 520 2383 Pompei
532 2307 596 2364 uiri
607 2307 720 2364 uiribus
726 2313 837 2364 ‘teneret
849 2306 983 2366 Caesaris
994 2307 1022 2363 A
1036 2315 1066 2363 et
1081 2295 1218 2376 BureruS,

216 2412 329 2470 uiribus
343 2411 406 2471 sine
420 2413 484 2471 uiri
492 2415 523 2470 P.
569 2411 686 2470 Habuit
707 2411 794 2488 igitur
809 2410 1024 2483 Murbacensis,
1040 2410 1092 2487 qui
1107 2414 1219 2471 Burero

215 2515 247 2576 in
262 2517 400 2577 manibus
415 2528 484 2590 erat,
495 2517 575 2577 illam
590 2516 822 2593 geminationem
838 2518 901 2575 uiri
912 2519 1032 2589 uiribus,
1048 2519 1088 2576 ad
1103 2529 1219 2576 senten·

216 2621 287 2681 tiam
302 2621 493 2698 ineptissime,
506 2623 545 2682 ad
560 2634 690 2681 nostram
706 2621 793 2681 crisin
809 2621 981 2682 utilissime:
1003 2624 1036 2681 fit
1051 2622 1131 2682 enim
1146 2642 1218 2682 uero

216 2726 319 2800 simile,
331 2739 362 2786 ut
374 2731 527 2800 Burerum,
544 2727 586 2786 sic
601 2727 690 2786 etiam
701 2727 943 2801 Amerbachium,
955 2727 1090 2804 ineptum
1099 2728 1172 2787 illud
1187 2728 1217 2786 in

218 2833 409 2893 Murbacensi
438 2822 550 2910 legisse.
609 2837 655 2908 87.
687 2855 698 2892 1
726 2836 772 2892 Ar
799 2835 952 2910 Cleopatra
972 2834 1134 2908 frustratis
1160 2853 1218 2892 cus·

217 2941 327 2998 todibus
349 2942 446 2998 inloto
467 2941 593 3017 aspidem
616 2960 727 2998 morsus
749 2939 852 3018 (altera
873 2961 888 2998 s
910 2938 1045 3018 inducta)
1068 2960 1137 2998 saue
1159 2942 1219 2999 eius

215 3055 315 3122 expers
343 3048 489 3105 muliebris
517 3054 607 3104 metus
633 3047 769 3123 spiritum
791 3047 920 3104 reddidit
939 3048 976 3118 A,
1000 3047 1095 3104 iuloto
1120 3049 1218 3123 aspide

215 3151 247 3209 iu
262 3170 359 3209 morsu
371 3155 506 3224 Burerus,
522 3153 618 3210 inlato
632 3153 729 3228 aspide
743 3171 839 3209 morsu
854 3154 885 3210 P.
917 3154 1032 3210 Rursus
1048 3152 1218 3229 conspirant

216 3258 244 3314 A
266 3266 295 3316 et
315 3259 339 3315 B
363 3268 467 3316 contra
488 3260 520 3329 P,
545 3258 598 3317 sed
621 3258 704 3332 quod
724 3259 756 3316 iu
778 3256 856 3329 huic,
879 3278 907 3315 m
931 3257 1031 3334 potius
1053 3257 1150 3318 uisum
1173 3271 1218 3319 est

216 3363 434 3423 Amerbachio:
469 3363 569 3439 itaque
597 3363 652 3422 fuit
676 3363 707 3422 in
728 3363 919 3423 Murbacensi
939 3366 1022 3439 quod
1044 3368 1093 3424 uel
1114 3368 1146 3425 iu
1167 3370 1216 3427 uel

215 3491 243 3528 ru
264 3481 366 3547 posset
387 3469 465 3546 legi3
493 3488 591 3545 neque
615 3468 647 3529 id
668 3480 747 3529 recte
769 3490 787 3528 a
812 3471 961 3530 Rhenano
984 3471 1127 3532 omissum
1153 3474 1216 3533 siue

112 3647 114 3656 Ι
214 3577 311 3636 uerius
327 3588 508 3654 expunctum
523 3586 574 3634 est.

255 3704 281 3757 4.
306 3683 380 3772 Loci
391 3685 439 3742 uel
454 3683 602 3743 uocabula
616 3701 743 3758 quorum
758 3682 940 3759 deprauatio,
954 3684 1029 3744 sicut
1044 3697 1122 3745 extat
1136 3686 1166 3746 in
1178 3690 1215 3759 A,

216 3788 370 3851 manifeste
389 3788 466 3853 redit
479 3790 518 3848 ad
538 3788 674 3849 codicem
692 3788 743 3864 qui
764 3809 817 3865 per
838 3801 1016 3852 uetustatem
1032 3792 1215 3866 obscuratus

689 3895 734 3941 xix
1055 3897 1094 3955 b*
