3024 4568
494 408 840 469 COMMENTARIVS
863 410 1061 472 CRITICVS

278 575 402 632 Antonio
425 577 495 631 Phil.
515 595 539 630 ν.
557 593 583 643 4.
604 592 633 631 11
654 579 762 632 decreta
774 580 857 649 salsa
879 580 1020 646 uendebat,
1041 597 1129 650 regua
1154 581 1281 633 ciuitatis

277 666 458 719 inmunitatis
476 667 507 718 iu
526 683 572 717 aes
589 669 698 734 accepta
711 669 835 736 pecunia
853 668 962 720 iubebat
981 668 1086 721 incidi:
1115 668 1183 720 haec
1199 685 1228 720 se
1245 685 1282 719 er

279 755 485 807 commentariis
504 753 640 818 Caesaris,
655 771 776 822 quarum
794 757 852 824 ipse
870 762 969 809 auctor
984 761 1053 822 erat,
1067 773 1149 826 agere
1166 755 1280 820 dicebat,

280 840 435 895 uerosimile
446 840 475 894 fit
488 849 535 894 aut
549 842 710 895 ciuitatibus
724 841 1017 912 [iumuru'iatibus]que
1029 853 1078 897 aut
1087 861 1169 898 uerso
1181 843 1280 896 ordine

281 925 370 998 [inu]
386 927 600 996 ciuitatibusque
618 928 762 998 scripsisse
780 930 936 996 Velleium;
960 929 1027 983 illud
1040 930 1064 984 si
1076 930 1134 995 luit,
1150 929 1281 983 adhaesit

279 1035 332 1087 que
344 1015 428 1086 priori
441 1016 608 1083 ciuitatibus,
622 1018 754 1087 absorpto
767 1019 841 1088 quod
855 1017 1047 1088 interpositum
1060 1024 1102 1071 est
1112 1017 1209 1071 similis
1219 1017 1281 1071 soni

280 1103 410 1168 nomine;
430 1101 452 1156 si
466 1104 682 1157 inmunitatibus
697 1105 912 1173 ciuitatibusque
925 1105 985 1171 fuit,
999 1104 1133 1158 omissum
1152 1114 1194 1159 est
1208 1104 1282 1173 quod

280 1189 473 1261 praecedebat,
487 1189 680 1243 aberrantibus
693 1190 779 1244 oculis
793 1192 827 1244 ad
843 1191 989 1260 posterius.

319 1280 399 1330 Haec
428 1292 481 1343 ego
513 1287 664 1345 postquam
691 1277 787 1330 Kritzii
812 1280 934 1347 perlecta
959 1277 1140 1332 adnotatione
1172 1279 1284 1347 palaeo-

281 1363 399 1434 graphia
411 1363 482 1417 duce
494 1364 670 1432 collegeram,
684 1364 804 1419 intellexi
818 1365 874 1419 iam
892 1365 1066 1420 Perizonium
1079 1366 1107 1419 in
1126 1365 1200 1420 idem
1216 1363 1284 1418 inci-

281 1453 365 1520 disse,
384 1461 474 1506 ratum
493 1454 710 1506 uuum'rau'bus
728 1454 772 1507 uel
793 1453 883 1509 simile
902 1453 969 1523 quid
987 1464 1052 1507 ante
1070 1454 1286 1521 a'uitatibusque

281 1540 424 1594 excidisse.

318 1629 358 1695 64
374 1642 385 1681 1
409 1628 439 1680 C.
452 1626 565 1680 Caesari
578 1643 683 1696 poenas
696 1627 774 1681 dedit
787 1627 864 1681 cuius
875 1645 937 1682 cum
945 1627 1042 1682 fuisset
1053 1628 1113 1697 (hac
1121 1628 1285 1682 uocabulum

282 1732 394 1768 erasum
408 1712 458 1781 est)
474 1712 579 1782 primus
593 1713 718 1767 omnium
731 1714 884 1768 amicorum
894 1714 991 1768 fuisset
1002 1714 1162 1768 interlector
1174 1714 1233 1768 fuit.
1247 1714 1287 1766 A.

321 1801 485 1854 Chiasmum
511 1798 534 1852 si
559 1799 697 1853 credimus
720 1800 766 1854 hic
789 1812 818 1854 ut
840 1800 868 1853 in
893 1801 956 1854 aliis
977 1801 1046 1854 locis
1066 1802 1100 1856 V.
1121 1801 1286 1864 adfectasse,

284 1890 381 1943 melior
401 1887 452 1942 erit
474 1888 542 1942 ordo
567 1905 649 1958 quem
673 1905 773 1942 manus
795 1887 886 1958 prima
910 1888 938 1941 in
956 1890 984 1943 A
1006 1889 1083 1942 dedit
1105 1906 1168 1942 curu
1180 1890 1288 1960 suisset

284 1995 369 2048 quam
386 1977 432 2047 qui
452 1986 550 2046 postea
568 1976 686 2046 scriptus
703 1986 754 2038 est,
777 1979 931 2031 amicarum
940 1979 1053 2048 fuisset,
1068 1979 1143 2047 quod
1161 1977 1245 2031 etiam
1259 1976 1288 2029 in

285 2066 311 2117 P
323 2073 384 2117 est:
404 2061 473 2116 meis
486 2063 599 2131 quidem
612 2063 724 2116 auribus
737 2063 842 2132 gratius
856 2074 937 2117 sonat
951 2063 990 2117 sic
1000 2063 1128 2118 ordinata
1143 2063 1287 2118 sententia.

322 2154 364 2204 66
378 2167 393 2204 2
413 2149 594 2220 abscissaque
608 2151 710 2204 scelere
723 2151 849 2207 Antonii.
862 2153 923 2205 Vox
936 2152 1048 2222 publica
1060 2151 1155 2206 audita
1168 2162 1209 2206 est
1224 2168 1288 2204 cum

285 2240 345 2294 eius
365 2240 482 2293 salutem
501 2255 583 2292 nemo
606 2239 775 2292 defendisset
795 2239 841 2308 qui
863 2257 913 2309 per
933 2249 974 2294 tot
992 2257 1081 2294 annos
1100 2248 1127 2294 et
1148 2239 1288 2309 publicam

286 2325 409 2380 ciuitatis
421 2334 449 2378 et
460 2325 599 2394 priuatam
612 2324 782 2379 defenderat.
794 2325 833 2379 Α.

322 2413 488 2483 abscisaque
500 2415 534 2466 P.
606 2413 702 2466 audita
714 2431 767 2466 am.
779 2415 813 2466 P.

325 2501 465 2556 Notabilis
483 2511 525 2555 est
545 2501 665 2555 adiectio
679 2501 708 2554 in
720 2503 748 2555 A
764 2501 891 2555 uocabuli
909 2502 984 2571 quod
998 2519 1049 2556 nec
1068 2503 1096 2555 in
1108 2503 1135 2555 P
1149 2512 1192 2556 est
1208 2518 1290 2555 neca

290 2592 395 2643 Burero
409 2597 580 2642 memoratur
592 2589 701 2640 audita.
734 2589 780 2641 An
793 2606 857 2641 uere
871 2589 910 2641 sic
924 2589 1057 2643 traditum
1070 2599 1121 2656 est,
1135 2587 1290 2656 exciditque

290 2677 332 2732 uel
346 2693 486 2745 nusquam
500 2677 543 2730 uel
556 2694 611 2729 nau
625 2678 691 2742 iam,
706 2676 777 2730 sicut
794 2676 822 2729 in
837 2677 947 2730 Corneli
962 2676 1057 2731 Seueri
1070 2675 1196 2731 uersibus
1211 2674 1290 2745 (quos

289 2768 324 2821 de
351 2765 491 2819 Ciceronis
519 2765 600 2819 exitio
626 2764 748 2818 seruauit
768 2767 876 2820 Seneca
895 2764 1082 2818 suasoriarum
1104 2763 1174 2818 libro
1196 2762 1213 2815 6
1234 2762 1290 2828 fin.)

290 2855 395 2909 dictum
421 2863 473 2921 est,
499 2853 616 2906 Publica
641 2869 699 2906 uox
721 2855 813 2906 saeuis
837 2859 980 2906 aeteruum
1005 2855 1159 2918 ommutuit
1181 2851 1293 2904 armis?

294 2944 360 2996 Non
377 2942 447 2994 solet
465 2950 539 2994 certe
558 2940 762 2994 Amerbachius
787 2941 873 2994 uerba
898 2939 934 2992 de
958 2957 1008 2993 suo
1033 2941 1145 3007 addere,
1166 2936 1293 3009 quamuis

292 3029 430 3084 interdum
444 3027 498 3081 alia
511 3027 643 3081 omiserit.

329 3120 401 3182 664
420 3115 534 3185 rapuisti
567 3125 626 3169 tum
659 3114 785 3170 Ciceroni
817 3115 907 3168 lucem
939 3113 1086 3169 sollicitam
1115 3123 1142 3168 et
1174 3122 1294 3167 aetatem

293 3204 409 3260 senilem
424 3213 452 3257 et
465 3202 553 3256 uitam
572 3200 679 3273 messis
693 3201 750 3271 (sic,
763 3202 814 3255 sed
823 3218 883 3254 mes
896 3203 927 3253 iu
940 3201 993 3254 mis
1007 3207 1157 3254 correctum
1169 3205 1218 3265 esi,
1230 3200 1294 3251 driu

293 3289 449 3358 inductum)
471 3289 643 3344 miseriorem
663 3301 691 3344 te
715 3289 840 3359 principe
865 3307 949 3358 quam
974 3290 1026 3343 sub
1048 3300 1075 3344 te
1101 3288 1211 3343 tribuno
1234 3287 1296 3357 (hoc

293 3381 368 3434 linea
381 3376 539 3446 audacium)
554 3378 698 3433 triumuiro
712 3387 838 3432 mortem.
851 3378 890 3431 A.

331 3465 441 3520 Futtilis
455 3474 497 3519 est
510 3464 669 3519 emendatio
683 3463 791 3519 Gelenii
810 3466 938 3533 rapuisti
953 3470 985 3517 lu
1004 3465 1047 3518 M.
1062 3464 1205 3517 Ciceroni:
1229 3461 1296 3531 quid

294 3570 365 3622 opus
389 3552 436 3605 hic
458 3550 657 3622 praenomine?
689 3552 802 3620 languet
827 3550 906 3616 ade0,
926 3560 954 3604 et
972 3551 1073 3605 misere
1091 3551 1212 3618 languet.
1257 3550 1295 3601 At

295 3643 380 3696 habet
393 3640 450 3694 uim
463 3657 542 3694 suam
555 3645 624 3706 tum,
638 3640 664 3693 h.
674 3658 699 3694 e.
712 3657 775 3692 cum
787 3637 911 3707 linguam
924 3639 1092 3693 abscideres.

330 3732 370 3785 68
387 3742 398 3782 1
419 3731 476 3784 Suo
495 3727 657 3798 preteritum
676 3729 737 3783 loco
752 3728 886 3782 reseratur
902 3745 992 3798 neque
1009 3727 1085 3782 enim
1100 3743 1223 3796 persona
1235 3742 1296 3779 um·

295 3819 375 3872 bram
388 3824 468 3870 actae
480 3815 518 3870 rei
532 3814 614 3884 capit.
627 3815 654 3868 Α
659 3856 665 3870 .

773 3911 819 3962 166
