<?xml version="1.0" encoding="UTF-8"?>
<!DOCTYPE html PUBLIC "-//W3C//DTD XHTML 1.0 Transitional//EN"
    "http://www.w3.org/TR/xhtml1/DTD/xhtml1-transitional.dtd">
<html xmlns="http://www.w3.org/1999/xhtml" xml:lang="en" lang="en">
 <head>
  <title>
</title>
<meta http-equiv="Content-Type" content="text/html;charset=utf-8" />
  <meta name='ocr-system' content='tesseract 3.04.00' />
  <meta name='ocr-capabilities' content='ocr_page ocr_carea ocr_par ocr_line ocrx_word'/>
</head>
<body>
  <div class='ocr_page' id='page_1' title='image "./velleipaterculi00elligoog_0089.png"; bbox 0 0 2996 4520; ppageno 0'>
   <div class='ocr_carea' id='block_1_1' title="bbox 581 363 998 425">
    <p class='ocr_par' dir='ltr' id='par_1_1' title="bbox 581 363 998 425">
     <span class='ocr_line' id='line_1_1' title="bbox 581 363 998 425; baseline 0.007 -5"><span class='ocrx_word' id='word_1_1' title='bbox 581 364 735 423; x_wconf 88' lang='lat' dir='ltr'><strong>VELLEI</strong></span> <span class='ocrx_word' id='word_1_2' title='bbox 758 363 998 425; x_wconf 88' lang='lat' dir='ltr'>PATERCVLI</span> 
     </span>
    </p>
   </div>
   <div class='ocr_carea' id='block_1_2' title="bbox 264 527 1339 2945">
    <p class='ocr_par' dir='ltr' id='par_1_2' title="bbox 264 527 1339 2945">
     <span class='ocr_line' id='line_1_2' title="bbox 289 527 1290 609; baseline -0.003 -19"><span class='ocrx_word' id='word_1_3' title='bbox 289 530 372 592; x_wconf 90' lang='lat' dir='ltr'>inicit</span> <span class='ocrx_word' id='word_1_4' title='bbox 399 544 428 592; x_wconf 91' lang='lat' dir='ltr'>et</span> <span class='ocrx_word' id='word_1_5' title='bbox 456 531 619 609; x_wconf 87' lang='lat' dir='ltr'>quamlibet</span> <span class='ocrx_word' id='word_1_6' title='bbox 646 531 834 606; x_wconf 84' lang='lat' dir='ltr'>festinantem</span> <span class='ocrx_word' id='word_1_7' title='bbox 861 531 892 590; x_wconf 91' lang='lat' dir='ltr'>in</span> <span class='ocrx_word' id='word_1_8' title='bbox 920 551 952 592; x_wconf 95' lang='lat' dir='ltr'>se</span> <span class='ocrx_word' id='word_1_9' title='bbox 980 530 1087 591; x_wconf 89' lang='lat' dir='ltr'>morari</span> <span class='ocrx_word' id='word_1_10' title='bbox 1110 529 1197 607; x_wconf 87' lang='lat' dir='ltr'>cogit.</span> <span class='ocrx_word' id='word_1_11' title='bbox 1239 527 1290 588; x_wconf 93' lang='lat' dir='ltr'>hic</span> 
     </span>
     <span class='ocr_line' id='line_1_3' title="bbox 290 624 1289 706; baseline -0.002 -18"><span class='ocrx_word' id='word_1_12' title='bbox 290 629 475 690; x_wconf 87' lang='lat' dir='ltr'>nobilissima</span> <span class='ocrx_word' id='word_1_13' title='bbox 496 629 639 690; x_wconf 92' lang='lat' dir='ltr'>Iuliorum</span> <span class='ocrx_word' id='word_1_14' title='bbox 658 629 775 706; x_wconf 86' lang='lat' dir='ltr'>genitus</span> <span class='ocrx_word' id='word_1_15' title='bbox 797 629 908 688; x_wconf 86' lang='lat' dir='ltr'>familia</span> <span class='ocrx_word' id='word_1_16' title='bbox 930 641 968 702; x_wconf 91' lang='lat' dir='ltr'>et,</span> <span class='ocrx_word' id='word_1_17' title='bbox 988 630 1071 706; x_wconf 95' lang='lat' dir='ltr'>quod</span> <span class='ocrx_word' id='word_1_18' title='bbox 1093 627 1169 688; x_wconf 90' lang='lat' dir='ltr'>inter</span> <span class='ocrx_word' id='word_1_19' title='bbox 1191 624 1289 686; x_wconf 90' lang='lat' dir='ltr'>omnis</span> 
     </span>
     <span class='ocr_line' id='line_1_4' title="bbox 289 725 1289 805; baseline -0.01 -13"><span class='ocrx_word' id='word_1_20' title='bbox 289 726 537 805; x_wconf 85' lang='lat' dir='ltr'>†antiquissimos</span> <span class='ocrx_word' id='word_1_21' title='bbox 568 727 732 800; x_wconf 87' lang='lat' dir='ltr'>constabat,</span> <span class='ocrx_word' id='word_1_22' title='bbox 760 726 799 786; x_wconf 90' lang='lat' dir='ltr'>ab</span> <span class='ocrx_word' id='word_1_23' title='bbox 827 725 959 786; x_wconf 85' lang='lat' dir='ltr'>Anchise</span> <span class='ocrx_word' id='word_1_24' title='bbox 986 746 1022 786; x_wconf 90' lang='lat' dir='ltr'>ac</span> <span class='ocrx_word' id='word_1_25' title='bbox 1049 729 1166 786; x_wconf 86' lang='lat' dir='ltr'>Venere</span> <span class='ocrx_word' id='word_1_26' title='bbox 1197 725 1289 784; x_wconf 94' lang='lat' dir='ltr'>dedu-</span> 
     </span>
     <span class='ocr_line' id='line_1_5' title="bbox 290 821 1288 902; baseline -0.005 -17"><span class='ocrx_word' id='word_1_27' title='bbox 290 845 361 885; x_wconf 89' lang='lat' dir='ltr'>cens</span> <span class='ocrx_word' id='word_1_28' title='bbox 377 845 479 902; x_wconf 86' lang='lat' dir='ltr'>genus,</span> <span class='ocrx_word' id='word_1_29' title='bbox 494 827 590 885; x_wconf 85' lang='lat' dir='ltr'>forma</span> <span class='ocrx_word' id='word_1_30' title='bbox 612 824 747 885; x_wconf 90' lang='lat' dir='ltr'>omniurn</span> <span class='ocrx_word' id='word_1_31' title='bbox 769 824 880 885; x_wconf 90' lang='lat' dir='ltr'>ciuium</span> <span class='ocrx_word' id='word_1_32' title='bbox 899 823 1170 896; x_wconf 88' lang='lat' dir='ltr'>excellentissimus,</span> <span class='ocrx_word' id='word_1_33' title='bbox 1186 821 1288 899; x_wconf 88' lang='lat' dir='ltr'>uigore</span> 
     </span>
     <span class='ocr_line' id='line_1_6' title="bbox 289 921 1317 997; baseline -0.003 -15"><span class='ocrx_word' id='word_1_34' title='bbox 289 921 382 982; x_wconf 90' lang='lat' dir='ltr'>animi</span> <span class='ocrx_word' id='word_1_35' title='bbox 408 922 575 996; x_wconf 71' lang='lat' dir='ltr'>acerrimus</span> <span class='ocrx_word' id='word_1_36' title='bbox 607 922 810 983; x_wconf 89' lang='lat' dir='ltr'>munificentia</span> <span class='ocrx_word' id='word_1_37' title='bbox 842 922 1042 996; x_wconf 88' lang='lat' dir='ltr'>effusissimus,</span> <span class='ocrx_word' id='word_1_38' title='bbox 1071 921 1172 982; x_wconf 85' lang='lat' dir='ltr'>animo</span> <span class='ocrx_word' id='word_1_39' title='bbox 1201 939 1317 997; x_wconf 89' lang='lat' dir='ltr'>super5</span> 
     </span>
     <span class='ocr_line' id='line_1_7' title="bbox 290 1018 1289 1098; baseline -0.003 -18"><span class='ocrx_word' id='word_1_40' title='bbox 290 1023 451 1081; x_wconf 87' lang='lat' dir='ltr'>humanam</span> <span class='ocrx_word' id='word_1_41' title='bbox 471 1032 500 1080; x_wconf 90' lang='lat' dir='ltr'>et</span> <span class='ocrx_word' id='word_1_42' title='bbox 518 1032 654 1081; x_wconf 89' lang='lat' dir='ltr'>naturam</span> <span class='ocrx_word' id='word_1_43' title='bbox 668 1033 698 1081; x_wconf 96' lang='lat' dir='ltr'>et</span> <span class='ocrx_word' id='word_1_44' title='bbox 712 1022 802 1080; x_wconf 90' lang='lat' dir='ltr'>fidem</span> <span class='ocrx_word' id='word_1_45' title='bbox 817 1031 947 1094; x_wconf 92' lang='lat' dir='ltr'>euectus,</span> <span class='ocrx_word' id='word_1_46' title='bbox 964 1019 1167 1098; x_wconf 86' lang='lat' dir='ltr'>magnitudine</span> <span class='ocrx_word' id='word_1_47' title='bbox 1181 1018 1289 1095; x_wconf 88' lang='lat' dir='ltr'>cogita·</span> 
     </span>
     <span class='ocr_line' id='line_1_8' title="bbox 290 1117 1288 1195; baseline -0.003 -18"><span class='ocrx_word' id='word_1_48' title='bbox 290 1117 414 1191; x_wconf 90' lang='lat' dir='ltr'>tionum,</span> <span class='ocrx_word' id='word_1_49' title='bbox 440 1118 588 1178; x_wconf 88' lang='lat' dir='ltr'>celeritate</span> <span class='ocrx_word' id='word_1_50' title='bbox 615 1118 754 1192; x_wconf 90' lang='lat' dir='ltr'>bellandi,</span> <span class='ocrx_word' id='word_1_51' title='bbox 780 1117 921 1195; x_wconf 91' lang='lat' dir='ltr'>patientia</span> <span class='ocrx_word' id='word_1_52' title='bbox 948 1117 1146 1194; x_wconf 85' lang='lat' dir='ltr'>periculorum</span> <span class='ocrx_word' id='word_1_53' title='bbox 1175 1118 1288 1192; x_wconf 86' lang='lat' dir='ltr'>Magno</span> 
     </span>
     <span class='ocr_line' id='line_1_9' title="bbox 264 1212 1288 1294; baseline -0.008 -14"><span class='ocrx_word' id='word_1_54' title='bbox 264 1215 332 1280; x_wconf 80' lang='lat' dir='ltr'>2i11i</span> <span class='ocrx_word' id='word_1_55' title='bbox 353 1217 530 1290; x_wconf 87' lang='lat' dir='ltr'>Alexandro,</span> <span class='ocrx_word' id='word_1_56' title='bbox 553 1219 607 1277; x_wconf 93' lang='lat' dir='ltr'>sed</span> <span class='ocrx_word' id='word_1_57' title='bbox 629 1216 729 1277; x_wconf 91' lang='lat' dir='ltr'>sobrio</span> <span class='ocrx_word' id='word_1_58' title='bbox 751 1236 850 1294; x_wconf 91' lang='lat' dir='ltr'>neque</span> <span class='ocrx_word' id='word_1_59' title='bbox 870 1215 1014 1276; x_wconf 90' lang='lat' dir='ltr'>iracundo</span> <span class='ocrx_word' id='word_1_60' title='bbox 1037 1214 1211 1287; x_wconf 92' lang='lat' dir='ltr'>simillimus,</span> <span class='ocrx_word' id='word_1_61' title='bbox 1237 1212 1288 1290; x_wconf 93' lang='lat' dir='ltr'>qui</span> 
     </span>
     <span class='ocr_line' id='line_1_10' title="bbox 291 1311 1289 1390; baseline -0.001 -19"><span class='ocrx_word' id='word_1_62' title='bbox 291 1311 420 1389; x_wconf 89' lang='lat' dir='ltr'>denique</span> <span class='ocrx_word' id='word_1_63' title='bbox 435 1333 551 1390; x_wconf 89' lang='lat' dir='ltr'>semper</span> <span class='ocrx_word' id='word_1_64' title='bbox 570 1324 600 1373; x_wconf 91' lang='lat' dir='ltr'>et</span> <span class='ocrx_word' id='word_1_65' title='bbox 619 1313 688 1373; x_wconf 92' lang='lat' dir='ltr'>cibo</span> <span class='ocrx_word' id='word_1_66' title='bbox 707 1324 736 1372; x_wconf 92' lang='lat' dir='ltr'>et</span> <span class='ocrx_word' id='word_1_67' title='bbox 756 1333 862 1373; x_wconf 92' lang='lat' dir='ltr'>somno</span> <span class='ocrx_word' id='word_1_68' title='bbox 881 1312 913 1373; x_wconf 92' lang='lat' dir='ltr'>in</span> <span class='ocrx_word' id='word_1_69' title='bbox 932 1312 1032 1386; x_wconf 92' lang='lat' dir='ltr'>uitam,</span> <span class='ocrx_word' id='word_1_70' title='bbox 1048 1332 1110 1372; x_wconf 95' lang='lat' dir='ltr'>non</span> <span class='ocrx_word' id='word_1_71' title='bbox 1131 1311 1163 1370; x_wconf 92' lang='lat' dir='ltr'>in</span> <span class='ocrx_word' id='word_1_72' title='bbox 1186 1312 1289 1386; x_wconf 80' lang='lat' dir='ltr'>uolup</span> 
     </span>
     <span class='ocr_line' id='line_1_11' title="bbox 290 1407 1339 1486; baseline -0.001 -17"><span class='ocrx_word' id='word_1_73' title='bbox 290 1421 381 1469; x_wconf 86' lang='lat' dir='ltr'>tatem</span> <span class='ocrx_word' id='word_1_74' title='bbox 402 1420 539 1483; x_wconf 91' lang='lat' dir='ltr'>uteretur,</span> <span class='ocrx_word' id='word_1_75' title='bbox 560 1430 629 1470; x_wconf 93' lang='lat' dir='ltr'>cum</span> <span class='ocrx_word' id='word_1_76' title='bbox 651 1409 754 1470; x_wconf 84' lang='lat' dir='ltr'>fuisset</span> <span class='ocrx_word' id='word_1_77' title='bbox 775 1411 809 1471; x_wconf 91' lang='lat' dir='ltr'>C.</span> <span class='ocrx_word' id='word_1_78' title='bbox 829 1409 927 1470; x_wconf 90' lang='lat' dir='ltr'>Mario</span> <span class='ocrx_word' id='word_1_79' title='bbox 948 1409 1091 1486; x_wconf 87' lang='lat' dir='ltr'>sanguine</span> <span class='ocrx_word' id='word_1_80' title='bbox 1112 1407 1289 1469; x_wconf 91' lang='lat' dir='ltr'>coniunctis·</span> <span class='ocrx_word' id='word_1_81' title='bbox 1306 1424 1339 1460; x_wconf 88' lang='lat'>10</span> 
     </span>
     <span class='ocr_line' id='line_1_12' title="bbox 290 1506 1289 1585; baseline -0.002 -17"><span class='ocrx_word' id='word_1_82' title='bbox 290 1507 382 1568; x_wconf 91' lang='lat' dir='ltr'>simus</span> <span class='ocrx_word' id='word_1_83' title='bbox 396 1519 487 1585; x_wconf 90' lang='lat' dir='ltr'>atque</span> <span class='ocrx_word' id='word_1_84' title='bbox 502 1507 584 1569; x_wconf 85' lang='lat' dir='ltr'>idern</span> <span class='ocrx_word' id='word_1_85' title='bbox 604 1507 719 1570; x_wconf 88' lang='lat' dir='ltr'>Cinnae</span> <span class='ocrx_word' id='word_1_86' title='bbox 738 1528 835 1585; x_wconf 85' lang='lat' dir='ltr'>gener,</span> <span class='ocrx_word' id='word_1_87' title='bbox 852 1507 935 1568; x_wconf 92' lang='lat' dir='ltr'>cuius</span> <span class='ocrx_word' id='word_1_88' title='bbox 956 1507 1047 1567; x_wconf 91' lang='lat' dir='ltr'>filiam</span> <span class='ocrx_word' id='word_1_89' title='bbox 1069 1518 1102 1567; x_wconf 94' lang='lat' dir='ltr'>ut</span> <span class='ocrx_word' id='word_1_90' title='bbox 1122 1506 1289 1584; x_wconf 87' lang='lat' dir='ltr'>repudiaret</span> 
     </span>
     <span class='ocr_line' id='line_1_13' title="bbox 289 1603 1287 1682; baseline -0.002 -18"><span class='ocrx_word' id='word_1_91' title='bbox 289 1608 372 1665; x_wconf 95' lang='lat' dir='ltr'>nullo</span> <span class='ocrx_word' id='word_1_92' title='bbox 386 1616 468 1665; x_wconf 90' lang='lat' dir='ltr'>metu</span> <span class='ocrx_word' id='word_1_93' title='bbox 483 1605 622 1682; x_wconf 91' lang='lat' dir='ltr'>compelli</span> <span class='ocrx_word' id='word_1_94' title='bbox 635 1605 740 1682; x_wconf 93' lang='lat' dir='ltr'>potuit,</span> <span class='ocrx_word' id='word_1_95' title='bbox 753 1625 822 1664; x_wconf 93' lang='lat' dir='ltr'>cum</span> <span class='ocrx_word' id='word_1_96' title='bbox 834 1606 877 1663; x_wconf 92' lang='lat' dir='ltr'>M.</span> <span class='ocrx_word' id='word_1_97' title='bbox 889 1603 958 1665; x_wconf 90' lang='lat' dir='ltr'>Piso</span> <span class='ocrx_word' id='word_1_98' title='bbox 972 1604 1134 1664; x_wconf 89' lang='lat' dir='ltr'>consularis</span> <span class='ocrx_word' id='word_1_99' title='bbox 1148 1603 1287 1677; x_wconf 88' lang='lat' dir='ltr'>Anniam,</span> 
     </span>
     <span class='ocr_line' id='line_1_14' title="bbox 290 1701 1287 1780; baseline -0.002 -18"><span class='ocrx_word' id='word_1_100' title='bbox 290 1723 366 1780; x_wconf 89' lang='lat' dir='ltr'>quae</span> <span class='ocrx_word' id='word_1_101' title='bbox 401 1702 517 1765; x_wconf 89' lang='lat' dir='ltr'>Cinnae</span> <span class='ocrx_word' id='word_1_102' title='bbox 548 1723 621 1764; x_wconf 90' lang='lat' dir='ltr'>uxor</span> <span class='ocrx_word' id='word_1_103' title='bbox 647 1705 749 1776; x_wconf 85' lang='lat' dir='ltr'>fuerat,</span> <span class='ocrx_word' id='word_1_104' title='bbox 778 1702 810 1763; x_wconf 91' lang='lat' dir='ltr'>in</span> <span class='ocrx_word' id='word_1_105' title='bbox 838 1704 936 1762; x_wconf 88' lang='lat' dir='ltr'>Sullae</span> <span class='ocrx_word' id='word_1_106' title='bbox 963 1702 1123 1763; x_wconf 91' lang='lat' dir='ltr'>dimisisset</span> <span class='ocrx_word' id='word_1_107' title='bbox 1157 1701 1287 1780; x_wconf 83' lang='lat' dir='ltr'>gratiam,</span> 
     </span>
     <span class='ocr_line' id='line_1_15' title="bbox 290 1800 1288 1878; baseline 0 -19"><span class='ocrx_word' id='word_1_108' title='bbox 290 1800 501 1878; x_wconf 89' lang='lat' dir='ltr'>habuissetque</span> <span class='ocrx_word' id='word_1_109' title='bbox 520 1803 581 1861; x_wconf 83' lang='lat' dir='ltr'>fere</span> <span class='ocrx_word' id='word_1_110' title='bbox 599 1819 680 1860; x_wconf 88' lang='lat' dir='ltr'>xvm</span> <span class='ocrx_word' id='word_1_111' title='bbox 699 1821 795 1861; x_wconf 90' lang='lat' dir='ltr'>annos</span> <span class='ocrx_word' id='word_1_112' title='bbox 812 1820 849 1861; x_wconf 90' lang='lat' dir='ltr'>eo</span> <span class='ocrx_word' id='word_1_113' title='bbox 864 1811 1005 1877; x_wconf 89' lang='lat' dir='ltr'>tempore,</span> <span class='ocrx_word' id='word_1_114' title='bbox 1021 1821 1082 1878; x_wconf 96' lang='lat' dir='ltr'>quo</span> <span class='ocrx_word' id='word_1_115' title='bbox 1097 1803 1178 1861; x_wconf 91' lang='lat' dir='ltr'>Sulla</span> <span class='ocrx_word' id='word_1_116' title='bbox 1191 1819 1288 1860; x_wconf 91' lang='lat' dir='ltr'>rerum</span> 
     </span>
     <span class='ocr_line' id='line_1_16' title="bbox 289 1897 1335 1976; baseline -0.002 -18"><span class='ocrx_word' id='word_1_117' title='bbox 289 1898 401 1974; x_wconf 89' lang='lat' dir='ltr'>potitus</span> <span class='ocrx_word' id='word_1_118' title='bbox 422 1909 475 1972; x_wconf 95' lang='lat' dir='ltr'>est,</span> <span class='ocrx_word' id='word_1_119' title='bbox 497 1898 590 1976; x_wconf 88' lang='lat' dir='ltr'>magis</span> <span class='ocrx_word' id='word_1_120' title='bbox 613 1897 752 1960; x_wconf 88' lang='lat' dir='ltr'>ministris</span> <span class='ocrx_word' id='word_1_121' title='bbox 775 1900 873 1959; x_wconf 87' lang='lat' dir='ltr'>Sullae</span> <span class='ocrx_word' id='word_1_122' title='bbox 894 1898 1139 1976; x_wconf 90' lang='lat' dir='ltr'>adiutoribusque</span> <span class='ocrx_word' id='word_1_123' title='bbox 1161 1897 1288 1975; x_wconf 91' lang='lat' dir='ltr'>partium</span> <span class='ocrx_word' id='word_1_124' title='bbox 1304 1913 1335 1965; x_wconf 78' lang='lat'>15</span> 
     </span>
     <span class='ocr_line' id='line_1_17' title="bbox 291 1994 1289 2073; baseline 0.002 -19"><span class='ocrx_word' id='word_1_125' title='bbox 291 2014 381 2072; x_wconf 90' lang='lat' dir='ltr'>quam</span> <span class='ocrx_word' id='word_1_126' title='bbox 404 1994 469 2071; x_wconf 93' lang='lat' dir='ltr'>ipso</span> <span class='ocrx_word' id='word_1_127' title='bbox 497 1995 741 2073; x_wconf 89' lang='lat' dir='ltr'>conquirentibus</span> <span class='ocrx_word' id='word_1_128' title='bbox 768 2015 837 2055; x_wconf 90' lang='lat' dir='ltr'>eum</span> <span class='ocrx_word' id='word_1_129' title='bbox 865 1996 905 2055; x_wconf 96' lang='lat' dir='ltr'>ad</span> <span class='ocrx_word' id='word_1_130' title='bbox 932 2015 1037 2056; x_wconf 91' lang='lat' dir='ltr'>necem</span> <span class='ocrx_word' id='word_1_131' title='bbox 1065 2007 1178 2057; x_wconf 88' lang='lat' dir='ltr'>mutata</span> <span class='ocrx_word' id='word_1_132' title='bbox 1206 2007 1289 2056; x_wconf 91' lang='lat' dir='ltr'>ueste</span> 
     </span>
     <span class='ocr_line' id='line_1_18' title="bbox 291 2092 1290 2170; baseline 0 -17"><span class='ocrx_word' id='word_1_133' title='bbox 291 2092 525 2170; x_wconf 90' lang='lat' dir='ltr'>dissimilemque</span> <span class='ocrx_word' id='word_1_134' title='bbox 547 2095 682 2153; x_wconf 85' lang='lat' dir='ltr'>fortunae</span> <span class='ocrx_word' id='word_1_135' title='bbox 705 2113 775 2153; x_wconf 89' lang='lat' dir='ltr'>suae</span> <span class='ocrx_word' id='word_1_136' title='bbox 797 2092 919 2153; x_wconf 91' lang='lat' dir='ltr'>indutus</span> <span class='ocrx_word' id='word_1_137' title='bbox 943 2093 1078 2154; x_wconf 89' lang='lat' dir='ltr'>habitum</span> <span class='ocrx_word' id='word_1_138' title='bbox 1103 2105 1192 2154; x_wconf 89' lang='lat' dir='ltr'>nocte</span> <span class='ocrx_word' id='word_1_139' title='bbox 1216 2094 1290 2153; x_wconf 90' lang='lat' dir='ltr'>urbe</span> 
     </span>
     <span class='ocr_line' id='line_1_19' title="bbox 264 2189 1290 2267; baseline 0 -17"><span class='ocrx_word' id='word_1_140' title='bbox 264 2192 408 2266; x_wconf 63' lang='lat' dir='ltr'>,relapsus</span> <span class='ocrx_word' id='word_1_141' title='bbox 431 2201 482 2250; x_wconf 93' lang='lat' dir='ltr'>est.</span> <span class='ocrx_word' id='word_1_142' title='bbox 526 2189 608 2250; x_wconf 92' lang='lat' dir='ltr'>idem</span> <span class='ocrx_word' id='word_1_143' title='bbox 626 2201 730 2267; x_wconf 93' lang='lat' dir='ltr'>postea</span> <span class='ocrx_word' id='word_1_144' title='bbox 748 2191 913 2249; x_wconf 91' lang='lat' dir='ltr'>admodum</span> <span class='ocrx_word' id='word_1_145' title='bbox 932 2189 1057 2263; x_wconf 92' lang='lat' dir='ltr'>iuuenis,</span> <span class='ocrx_word' id='word_1_146' title='bbox 1073 2210 1143 2250; x_wconf 88' lang='lat' dir='ltr'>curn</span> <span class='ocrx_word' id='word_1_147' title='bbox 1157 2211 1176 2250; x_wconf 93' lang='lat' dir='ltr'>a</span> <span class='ocrx_word' id='word_1_148' title='bbox 1188 2189 1290 2267; x_wconf 93' lang='lat' dir='ltr'>piratis</span> 
     </span>
     <span class='ocr_line' id='line_1_20' title="bbox 291 2286 1289 2364; baseline 0 -18"><span class='ocrx_word' id='word_1_149' title='bbox 291 2298 394 2363; x_wconf 88' lang='lat' dir='ltr'>captus</span> <span class='ocrx_word' id='word_1_150' title='bbox 410 2299 495 2361; x_wconf 89' lang='lat' dir='ltr'>esset,</span> <span class='ocrx_word' id='word_1_151' title='bbox 511 2287 553 2347; x_wconf 89' lang='lat' dir='ltr'>ita</span> <span class='ocrx_word' id='word_1_152' title='bbox 566 2307 598 2348; x_wconf 91' lang='lat' dir='ltr'>se</span> <span class='ocrx_word' id='word_1_153' title='bbox 616 2307 669 2364; x_wconf 91' lang='lat' dir='ltr'>per</span> <span class='ocrx_word' id='word_1_154' title='bbox 688 2307 778 2347; x_wconf 91' lang='lat' dir='ltr'>omne</span> <span class='ocrx_word' id='word_1_155' title='bbox 797 2286 933 2363; x_wconf 89' lang='lat' dir='ltr'>spatium,</span> <span class='ocrx_word' id='word_1_156' title='bbox 949 2306 1010 2363; x_wconf 94' lang='lat' dir='ltr'>quo</span> <span class='ocrx_word' id='word_1_157' title='bbox 1032 2288 1071 2347; x_wconf 89' lang='lat' dir='ltr'>ab</span> <span class='ocrx_word' id='word_1_158' title='bbox 1090 2287 1136 2347; x_wconf 94' lang='lat' dir='ltr'>his</span> <span class='ocrx_word' id='word_1_159' title='bbox 1158 2297 1289 2347; x_wconf 91' lang='lat' dir='ltr'>retentus</span> 
     </span>
     <span class='ocr_line' id='line_1_21' title="bbox 292 2383 1336 2462; baseline 0 -18"><span class='ocrx_word' id='word_1_160' title='bbox 292 2394 343 2457; x_wconf 92' lang='lat' dir='ltr'>est,</span> <span class='ocrx_word' id='word_1_161' title='bbox 369 2386 450 2461; x_wconf 91' lang='lat' dir='ltr'>apud</span> <span class='ocrx_word' id='word_1_162' title='bbox 472 2405 523 2445; x_wconf 90' lang='lat' dir='ltr'>eos</span> <span class='ocrx_word' id='word_1_163' title='bbox 548 2384 645 2462; x_wconf 87' lang='lat' dir='ltr'>gessit,</span> <span class='ocrx_word' id='word_1_164' title='bbox 671 2394 704 2444; x_wconf 92' lang='lat' dir='ltr'>ut</span> <span class='ocrx_word' id='word_1_165' title='bbox 726 2383 833 2461; x_wconf 86' lang='lat' dir='ltr'>pariter</span> <span class='ocrx_word' id='word_1_166' title='bbox 854 2383 889 2444; x_wconf 92' lang='lat' dir='ltr'>iis</span> <span class='ocrx_word' id='word_1_167' title='bbox 917 2384 1019 2445; x_wconf 89' lang='lat' dir='ltr'>terrori</span> <span class='ocrx_word' id='word_1_168' title='bbox 1046 2384 1289 2462; x_wconf 88' lang='lat' dir='ltr'>uenerationique</span> <span class='ocrx_word' id='word_1_169' title='bbox 1305 2404 1336 2438; x_wconf 82' lang='lat'>20</span> 
     </span>
     <span class='ocr_line' id='line_1_22' title="bbox 292 2481 1289 2562; baseline -0.001 -20"><span class='ocrx_word' id='word_1_170' title='bbox 292 2493 377 2556; x_wconf 88' lang='lat' dir='ltr'>esset,</span> <span class='ocrx_word' id='word_1_171' title='bbox 393 2502 491 2560; x_wconf 92' lang='lat' dir='ltr'>neque</span> <span class='ocrx_word' id='word_1_172' title='bbox 506 2502 649 2560; x_wconf 90' lang='lat' dir='ltr'>umquam</span> <span class='ocrx_word' id='word_1_173' title='bbox 663 2493 714 2542; x_wconf 92' lang='lat' dir='ltr'>aut</span> <span class='ocrx_word' id='word_1_174' title='bbox 729 2481 778 2542; x_wconf 88' lang='lat' dir='ltr'>die</span> <span class='ocrx_word' id='word_1_175' title='bbox 791 2493 843 2541; x_wconf 89' lang='lat' dir='ltr'>aut</span> <span class='ocrx_word' id='word_1_176' title='bbox 857 2493 946 2542; x_wconf 90' lang='lat' dir='ltr'>nocte</span> <span class='ocrx_word' id='word_1_177' title='bbox 966 2481 1031 2562; x_wconf 85' lang='lat' dir='ltr'>(cur</span> <span class='ocrx_word' id='word_1_178' title='bbox 1049 2483 1129 2542; x_wconf 89' lang='lat' dir='ltr'>enim</span> <span class='ocrx_word' id='word_1_179' title='bbox 1144 2484 1227 2560; x_wconf 93' lang='lat' dir='ltr'>quod</span> <span class='ocrx_word' id='word_1_180' title='bbox 1241 2483 1289 2542; x_wconf 93' lang='lat' dir='ltr'>uel</span> 
     </span>
     <span class='ocr_line' id='line_1_23' title="bbox 292 2577 1290 2656; baseline -0.003 -16"><span class='ocrx_word' id='word_1_181' title='bbox 292 2578 453 2641; x_wconf 91' lang='lat' dir='ltr'>maximum</span> <span class='ocrx_word' id='word_1_182' title='bbox 474 2591 527 2653; x_wconf 89' lang='lat' dir='ltr'>est,</span> <span class='ocrx_word' id='word_1_183' title='bbox 543 2579 568 2639; x_wconf 93' lang='lat' dir='ltr'>si</span> <span class='ocrx_word' id='word_1_184' title='bbox 589 2579 697 2639; x_wconf 89' lang='lat' dir='ltr'>narrari</span> <span class='ocrx_word' id='word_1_185' title='bbox 718 2578 816 2639; x_wconf 90' lang='lat' dir='ltr'>uerbis</span> <span class='ocrx_word' id='word_1_186' title='bbox 838 2577 979 2655; x_wconf 89' lang='lat' dir='ltr'>speciosis</span> <span class='ocrx_word' id='word_1_187' title='bbox 1000 2599 1063 2639; x_wconf 92' lang='lat' dir='ltr'>non</span> <span class='ocrx_word' id='word_1_188' title='bbox 1083 2590 1190 2656; x_wconf 91' lang='lat' dir='ltr'>potest,</span> <span class='ocrx_word' id='word_1_189' title='bbox 1206 2578 1290 2640; x_wconf 93' lang='lat' dir='ltr'>omit-</span> 
     </span>
     <span class='ocr_line' id='line_1_24' title="bbox 291 2674 1287 2757; baseline -0.004 -19"><span class='ocrx_word' id='word_1_190' title='bbox 291 2691 369 2739; x_wconf 91' lang='lat' dir='ltr'>tatur</span> <span class='ocrx_word' id='word_1_191' title='bbox 377 2675 402 2757; x_wconf 78' lang='lat' dir='ltr'>i)</span> <span class='ocrx_word' id='word_1_192' title='bbox 424 2689 474 2737; x_wconf 89' lang='lat' dir='ltr'>aut</span> <span class='ocrx_word' id='word_1_193' title='bbox 488 2679 703 2737; x_wconf 86' lang='lat' dir='ltr'>excalcearetur</span> <span class='ocrx_word' id='word_1_194' title='bbox 724 2688 776 2736; x_wconf 90' lang='lat' dir='ltr'>aut</span> <span class='ocrx_word' id='word_1_195' title='bbox 798 2675 1018 2753; x_wconf 89' lang='lat' dir='ltr'>discingeretur,</span> <span class='ocrx_word' id='word_1_196' title='bbox 1034 2676 1065 2735; x_wconf 88' lang='lat' dir='ltr'>in</span> <span class='ocrx_word' id='word_1_197' title='bbox 1088 2677 1147 2736; x_wconf 95' lang='lat' dir='ltr'>hoc</span> <span class='ocrx_word' id='word_1_198' title='bbox 1166 2674 1287 2748; x_wconf 90' lang='lat' dir='ltr'>scilicet,</span> 
     </span>
     <span class='ocr_line' id='line_1_25' title="bbox 291 2772 1291 2853; baseline -0.004 -17"><span class='ocrx_word' id='word_1_199' title='bbox 291 2797 329 2836; x_wconf 92' lang='lat' dir='ltr'>ne</span> <span class='ocrx_word' id='word_1_200' title='bbox 350 2775 375 2835; x_wconf 95' lang='lat' dir='ltr'>si</span> <span class='ocrx_word' id='word_1_201' title='bbox 396 2777 517 2853; x_wconf 89' lang='lat' dir='ltr'>quando</span> <span class='ocrx_word' id='word_1_202' title='bbox 538 2773 651 2851; x_wconf 91' lang='lat' dir='ltr'>aliquid</span> <span class='ocrx_word' id='word_1_203' title='bbox 673 2794 709 2834; x_wconf 90' lang='lat' dir='ltr'>ex</span> <span class='ocrx_word' id='word_1_204' title='bbox 731 2773 818 2834; x_wconf 91' lang='lat' dir='ltr'>solito</span> <span class='ocrx_word' id='word_1_205' title='bbox 840 2773 973 2847; x_wconf 91' lang='lat' dir='ltr'>uariaret,</span> <span class='ocrx_word' id='word_1_206' title='bbox 996 2785 1150 2851; x_wconf 91' lang='lat' dir='ltr'>suspectus</span> <span class='ocrx_word' id='word_1_207' title='bbox 1172 2773 1216 2847; x_wconf 90' lang='lat' dir='ltr'>iis,</span> <span class='ocrx_word' id='word_1_208' title='bbox 1239 2772 1291 2851; x_wconf 92' lang='lat' dir='ltr'>qui</span> 
     </span>
     <span class='ocr_line' id='line_1_26' title="bbox 291 2871 1334 2945; baseline -0.005 -11"><span class='ocrx_word' id='word_1_209' title='bbox 291 2873 384 2934; x_wconf 92' lang='lat' dir='ltr'>oeulis</span> <span class='ocrx_word' id='word_1_210' title='bbox 399 2873 609 2932; x_wconf 87' lang='lat' dir='ltr'>tantummodo</span> <span class='ocrx_word' id='word_1_211' title='bbox 623 2892 693 2932; x_wconf 88' lang='lat' dir='ltr'>eum</span> <span class='ocrx_word' id='word_1_212' title='bbox 707 2871 924 2945; x_wconf 90' lang='lat' dir='ltr'>custodiebant,</span> <span class='ocrx_word' id='word_1_213' title='bbox 940 2873 1022 2931; x_wconf 86' lang='lat' dir='ltr'>foret.</span> <span class='ocrx_word' id='word_1_214' title='bbox 1306 2895 1334 2944; x_wconf 83' lang='lat'>²5</span> 
     </span>
    </p>
   </div>
   <div class='ocr_carea' id='block_1_3' title="bbox 291 3024 1381 3796">
    <p class='ocr_par' dir='ltr' id='par_1_3' title="bbox 291 3024 1381 3796">
     <span class='ocr_line' id='line_1_27' title="bbox 326 3024 1294 3086; baseline 0 -12"><span class='ocrx_word' id='word_1_215' title='bbox 326 3043 337 3074; x_wconf 90' lang='lat'>1</span> <span class='ocrx_word' id='word_1_216' title='bbox 357 3026 436 3074; x_wconf 86' lang='lat' dir='ltr'>inlicit</span> <span class='ocrx_word' id='word_1_217' title='bbox 447 3024 502 3072; x_wconf 89' lang='grc' dir='ltr'>ΑΡ</span> <span class='ocrx_word' id='word_1_218' title='bbox 543 3025 683 3086; x_wconf 90' lang='lat' dir='ltr'>quamlibet</span> <span class='ocrx_word' id='word_1_219' title='bbox 693 3024 719 3071; x_wconf 96' lang='lat' dir='ltr'>A</span> <span class='ocrx_word' id='word_1_220' title='bbox 732 3041 738 3072; x_wconf 76' lang='grc' dir='ltr'><strong><em>ε</em></strong></span> <span class='ocrx_word' id='word_1_221' title='bbox 755 3024 893 3085; x_wconf 88' lang='lat' dir='ltr'>quemlibet</span> <span class='ocrx_word' id='word_1_222' title='bbox 905 3024 945 3073; x_wconf 86' lang='lat' dir='ltr'>P:</span> <span class='ocrx_word' id='word_1_223' title='bbox 962 3025 1040 3073; x_wconf 88' lang='lat' dir='ltr'>‘alias</span> <span class='ocrx_word' id='word_1_224' title='bbox 1050 3024 1202 3086; x_wconf 79' lang='lat' dir='ltr'>quamlibet&#39;</span> <span class='ocrx_word' id='word_1_225' title='bbox 1212 3027 1294 3074; x_wconf 82' lang='lat' dir='ltr'>Burer</span> 
     </span>
     <span class='ocr_line' id='line_1_28' title="bbox 292 3089 1291 3154; baseline 0.001 -14"><span class='ocrx_word' id='word_1_226' title='bbox 292 3091 515 3153; x_wconf 71' lang='lat' dir='ltr'>gentiquissimos</span> <span class='ocrx_word' id='word_1_227' title='bbox 532 3089 601 3138; x_wconf 88' lang='lat' dir='ltr'>AP:</span> <span class='ocrx_word' id='word_1_228' title='bbox 628 3091 696 3138; x_wconf 90' lang='lat' dir='ltr'>inter</span> <span class='ocrx_word' id='word_1_229' title='bbox 719 3091 801 3137; x_wconf 92' lang='lat' dir='ltr'>omnis</span> <span class='ocrx_word' id='word_1_230' title='bbox 825 3090 958 3138; x_wconf 88' lang='lat' dir='ltr'>constabat</span> <span class='ocrx_word' id='word_1_231' title='bbox 974 3089 1152 3152; x_wconf 89' lang='lat' dir='ltr'>antiquissima</span> <span class='ocrx_word' id='word_1_232' title='bbox 1174 3091 1291 3154; x_wconf 83' lang='lat' dir='ltr'>Lipsius:</span> 
     </span>
     <span class='ocr_line' id='line_1_29' title="bbox 292 3155 1289 3218; baseline 0 -12"><span class='ocrx_word' id='word_1_233' title='bbox 292 3157 450 3218; x_wconf 82' lang='lat' dir='ltr'>antiquitatis</span> <span class='ocrx_word' id='word_1_234' title='bbox 467 3156 564 3217; x_wconf 88' lang='lat' dir='ltr'>peritos</span> <span class='ocrx_word' id='word_1_235' title='bbox 578 3155 666 3204; x_wconf 82' lang='lat' dir='ltr'>Orelli:</span> <span class='ocrx_word' id='word_1_236' title='bbox 685 3155 842 3215; x_wconf 82' lang='lat' dir='ltr'>antiquitatis</span> <span class='ocrx_word' id='word_1_237' title='bbox 859 3157 989 3204; x_wconf 90' lang='lat' dir='ltr'>studiosos</span> <span class='ocrx_word' id='word_1_238' title='bbox 1006 3158 1046 3204; x_wconf 81' lang='lat' dir='ltr'>uel</span> <span class='ocrx_word' id='word_1_239' title='bbox 1061 3157 1178 3205; x_wconf 90' lang='lat' dir='ltr'>curiosos</span> <span class='ocrx_word' id='word_1_240' title='bbox 1193 3157 1289 3206; x_wconf 87' lang='lat' dir='ltr'>Halm:</span> 
     </span>
     <span class='ocr_line' id='line_1_30' title="bbox 292 3220 1291 3284; baseline 0 -14"><span class='ocrx_word' id='word_1_241' title='bbox 292 3223 461 3284; x_wconf 88' lang='lat' dir='ltr'>peritissimos</span> <span class='ocrx_word' id='word_1_242' title='bbox 472 3220 586 3270; x_wconf 81' lang='lat' dir='ltr'>Sm&#39;ner:</span> <span class='ocrx_word' id='word_1_243' title='bbox 603 3220 788 3269; x_wconf 87' lang='lat' dir='ltr'>scientissimos</span> <span class='ocrx_word' id='word_1_244' title='bbox 799 3237 844 3282; x_wconf 83' lang='lat' dir='ltr'>ego</span> <span class='ocrx_word' id='word_1_245' title='bbox 856 3221 906 3282; x_wconf 85' lang='lat'><strong>(79.</strong></span> <span class='ocrx_word' id='word_1_246' title='bbox 917 3221 941 3284; x_wconf 89' lang='lat'>1)</span> <span class='ocrx_word' id='word_1_247' title='bbox 953 3239 960 3270; x_wconf 76' lang='grc' dir='ltr'><strong>ι</strong></span> <span class='ocrx_word' id='word_1_248' title='bbox 976 3237 1057 3281; x_wconf 93' lang='lat' dir='ltr'>quos.</span> <span class='ocrx_word' id='word_1_249' title='bbox 1070 3258 1075 3268; x_wconf 95' lang='lat'><strong><em>.</em></strong></span> <span class='ocrx_word' id='word_1_250' title='bbox 1086 3222 1291 3283; x_wconf 85' lang='lat' dir='ltr'>‚antiquissimos</span> 
     </span>
     <span class='ocr_line' id='line_1_31' title="bbox 293 3285 1291 3346; baseline -0.002 -10"><span class='ocrx_word' id='word_1_251' title='bbox 293 3295 394 3336; x_wconf 88' lang='lat' dir='ltr'>constat</span> <span class='ocrx_word' id='word_1_252' title='bbox 407 3287 555 3336; x_wconf 85' lang='lat' dir='ltr'>Gudeman:</span> <span class='ocrx_word' id='word_1_253' title='bbox 567 3285 698 3334; x_wconf 91' lang='lat' dir='ltr'>‘Velleius</span> <span class='ocrx_word' id='word_1_254' title='bbox 710 3285 817 3346; x_wconf 86' lang='lat' dir='ltr'>intelligi</span> <span class='ocrx_word' id='word_1_255' title='bbox 829 3285 932 3334; x_wconf 90' lang='lat' dir='ltr'>uidetur</span> <span class='ocrx_word' id='word_1_256' title='bbox 943 3287 1087 3334; x_wconf 84' lang='lat' dir='ltr'>uoluisse“</span> <span class='ocrx_word' id='word_1_257' title='bbox 1095 3293 1213 3336; x_wconf 89' lang='lat' dir='ltr'>auctores</span> <span class='ocrx_word' id='word_1_258' title='bbox 1221 3287 1237 3307; x_wconf 89' lang='lat'><strong>”</strong></span> <span class='ocrx_word' id='word_1_259' title='bbox 1249 3287 1291 3334; x_wconf 91' lang='lat' dir='ltr'>uel</span> 
     </span>
     <span class='ocr_line' id='line_1_32' title="bbox 296 3351 1290 3415; baseline -0.002 -12.982"><span class='ocrx_word' id='word_1_260' title='bbox 296 3351 483 3415; x_wconf 78' lang='lat' dir='ltr'>“scriptores&#39;’</span> <span class='ocrx_word' id='word_1_261' title='bbox 492 3352 620 3404; x_wconf 81' lang='lat' dir='ltr'>&#39;Thomas</span> <span class='ocrx_word' id='word_1_262' title='bbox 674 3351 956 3412; x_wconf 85' lang='lat' dir='ltr'>5munificentiaeAP,</span> <span class='ocrx_word' id='word_1_263' title='bbox 965 3368 1012 3400; x_wconf 79' lang='lat' dir='ltr'>em.</span> <span class='ocrx_word' id='word_1_264' title='bbox 1023 3353 1133 3400; x_wconf 76' lang='lat' dir='ltr'>Gelenius</span> <span class='ocrx_word' id='word_1_265' title='bbox 1189 3353 1290 3402; x_wconf 86' lang='lat' dir='ltr'>8sin1i·</span> 
     </span>
     <span class='ocr_line' id='line_1_33' title="bbox 293 3416 1292 3479; baseline 0 -13"><span class='ocrx_word' id='word_1_266' title='bbox 293 3419 367 3466; x_wconf 91' lang='lat' dir='ltr'>limus</span> <span class='ocrx_word' id='word_1_267' title='bbox 386 3418 412 3465; x_wconf 96' lang='lat' dir='ltr'>A</span> <span class='ocrx_word' id='word_1_268' title='bbox 529 3424 589 3479; x_wconf 88' lang='lat' dir='ltr'>9et</span> <span class='ocrx_word' id='word_1_269' title='bbox 609 3433 699 3466; x_wconf 90' lang='lat' dir='ltr'>somno</span> <span class='ocrx_word' id='word_1_270' title='bbox 719 3424 746 3465; x_wconf 92' lang='lat' dir='ltr'>et</span> <span class='ocrx_word' id='word_1_271' title='bbox 764 3417 820 3465; x_wconf 91' lang='lat' dir='ltr'>cibo</span> <span class='ocrx_word' id='word_1_272' title='bbox 836 3417 863 3464; x_wconf 91' lang='lat' dir='ltr'><em>P</em></span> <span class='ocrx_word' id='word_1_273' title='bbox 896 3417 955 3465; x_wconf 78' lang='lat' dir='ltr'>Vide</span> <span class='ocrx_word' id='word_1_274' title='bbox 973 3417 1069 3466; x_wconf 89' lang='lat' dir='ltr'>Comm.</span> <span class='ocrx_word' id='word_1_275' title='bbox 1090 3416 1147 3467; x_wconf 71' lang='lat' dir='ltr'>ent.</span> <span class='ocrx_word' id='word_1_276' title='bbox 1262 3433 1292 3479; x_wconf 83' lang='lat'>13</span> 
     </span>
     <span class='ocr_line' id='line_1_34' title="bbox 294 3481 1295 3545; baseline -0.002 -13"><span class='ocrx_word' id='word_1_277' title='bbox 294 3484 379 3532; x_wconf 90' lang='lat' dir='ltr'>Sullae</span> <span class='ocrx_word' id='word_1_278' title='bbox 399 3483 436 3541; x_wconf 92' lang='lat' dir='ltr'>A,</span> <span class='ocrx_word' id='word_1_279' title='bbox 454 3498 505 3532; x_wconf 84' lang='lat' dir='ltr'>non</span> <span class='ocrx_word' id='word_1_280' title='bbox 528 3483 614 3545; x_wconf 90' lang='lat' dir='ltr'>Syllae</span> <span class='ocrx_word' id='word_1_281' title='bbox 714 3498 744 3544; x_wconf 88' lang='lat'>19</span> <span class='ocrx_word' id='word_1_282' title='bbox 761 3497 790 3531; x_wconf 89' lang='lat' dir='ltr'>se</span> <span class='ocrx_word' id='word_1_283' title='bbox 810 3497 858 3544; x_wconf 91' lang='lat' dir='ltr'>per</span> <span class='ocrx_word' id='word_1_284' title='bbox 876 3481 916 3532; x_wconf 90' lang='grc' dir='ltr'>Β.</span> <span class='ocrx_word' id='word_1_285' title='bbox 940 3497 1042 3544; x_wconf 91' lang='lat' dir='ltr'>semper</span> <span class='ocrx_word' id='word_1_286' title='bbox 1059 3481 1114 3530; x_wconf 94' lang='lat' dir='ltr'>AP</span> <span class='ocrx_word' id='word_1_287' title='bbox 1177 3482 1218 3531; x_wconf 91' lang='lat' dir='ltr'>his</span> <span class='ocrx_word' id='word_1_288' title='bbox 1240 3482 1295 3530; x_wconf 87' lang='grc' dir='ltr'>ΑΡ</span> 
     </span>
     <span class='ocr_line' id='line_1_35' title="bbox 292 3547 1292 3626; baseline 0 -28"><span class='ocrx_word' id='word_1_289' title='bbox 292 3566 325 3598; x_wconf 88' lang='lat'>20</span> <span class='ocrx_word' id='word_1_290' title='bbox 341 3551 381 3597; x_wconf 93' lang='lat' dir='ltr'>his</span> <span class='ocrx_word' id='word_1_291' title='bbox 398 3547 452 3596; x_wconf 88' lang='grc' dir='ltr'>ΑΡ</span> <span class='ocrx_word' id='word_1_292' title='bbox 523 3549 647 3626; x_wconf 81' lang='lat' dir='ltr'>horroriq.</span> <span class='ocrx_word' id='word_1_293' title='bbox 666 3548 721 3607; x_wconf 71' lang='lat' dir='ltr'>del,</span> <span class='ocrx_word' id='word_1_294' title='bbox 742 3547 797 3596; x_wconf 81' lang='lat' dir='ltr'>dem</span> <span class='ocrx_word' id='word_1_295' title='bbox 815 3547 907 3596; x_wconf 85' lang='lat' dir='ltr'>terrori</span> <span class='ocrx_word' id='word_1_296' title='bbox 924 3548 950 3595; x_wconf 94' lang='lat' dir='ltr'>A</span> <span class='ocrx_word' id='word_1_297' title='bbox 1050 3562 1079 3595; x_wconf 79' lang='lat'>21</span> <span class='ocrx_word' id='word_1_298' title='bbox 1098 3554 1142 3596; x_wconf 87' lang='lat' dir='ltr'>aut</span> <span class='ocrx_word' id='word_1_299' title='bbox 1158 3555 1234 3598; x_wconf 90' lang='lat' dir='ltr'>nocte</span> <span class='ocrx_word' id='word_1_300' title='bbox 1248 3556 1292 3598; x_wconf 86' lang='lat' dir='ltr'>ant</span> 
     </span>
     <span class='ocr_line' id='line_1_36' title="bbox 293 3584 1292 3678; baseline -0.002 -14"><span class='ocrx_word' id='word_1_301' title='bbox 293 3617 334 3664; x_wconf 95' lang='lat' dir='ltr'>die</span> <span class='ocrx_word' id='word_1_302' title='bbox 346 3614 373 3662; x_wconf 89' lang='lat' dir='ltr'><em>P</em></span> <span class='ocrx_word' id='word_1_303' title='bbox 468 3630 501 3662; x_wconf 78' lang='lat' dir='ltr'>aa</span> <span class='ocrx_word' id='word_1_304' title='bbox 517 3615 637 3676; x_wconf 90' lang='lat' dir='ltr'>spetiosis</span> <span class='ocrx_word' id='word_1_305' title='bbox 650 3584 737 3663; x_wconf 90' lang='lat' dir='ltr'>uerbis</span> <span class='ocrx_word' id='word_1_306' title='bbox 753 3614 789 3672; x_wconf 91' lang='lat' dir='ltr'>A,</span> <span class='ocrx_word' id='word_1_307' title='bbox 810 3613 855 3663; x_wconf 83' lang='lat' dir='ltr'>scd</span> <span class='ocrx_word' id='word_1_308' title='bbox 869 3616 887 3668; x_wconf 82' lang='grc' dir='ltr'>β</span> <span class='ocrx_word' id='word_1_309' title='bbox 901 3621 977 3678; x_wconf 77' lang='lat' dir='ltr'>super</span> <span class='ocrx_word' id='word_1_310' title='bbox 990 3619 1065 3676; x_wconf 73' lang='lat' dir='ltr'>spet,</span> <span class='ocrx_word' id='word_1_311' title='bbox 1083 3630 1100 3660; x_wconf 87' lang='grc' dir='ltr'><em>α</em></span> <span class='ocrx_word' id='word_1_312' title='bbox 1116 3621 1192 3677; x_wconf 82' lang='lat' dir='ltr'>super</span> <span class='ocrx_word' id='word_1_313' title='bbox 1206 3615 1292 3668; x_wconf 89' lang='lat' dir='ltr'>uerbis</span> 
     </span>
     <span class='ocr_line' id='line_1_37' title="bbox 292 3678 1381 3794; baseline 0 -65"><span class='ocrx_word' id='word_1_314' title='bbox 292 3680 391 3742; x_wconf 69' lang='lat' dir='ltr'>additis,</span> <span class='ocrx_word' id='word_1_315' title='bbox 404 3696 455 3794; x_wconf 50' lang='lat' dir='ltr'>qsso</span> <span class='ocrx_word' id='word_1_316' title='bbox 465 3679 525 3729; x_wconf 82' lang='lat' dir='ltr'>ordo</span> <span class='ocrx_word' id='word_1_317' title='bbox 533 3679 692 3730; x_wconf 76' lang='lat' dir='ltr'>inuerimdus</span> <span class='ocrx_word' id='word_1_318' title='bbox 702 3679 882 3744; x_wconf 65' lang='lat' dir='ltr'>significaretur</span> <span class='ocrx_word' id='word_1_319' title='bbox 955 3694 987 3741; x_wconf 78' lang='lat'>23</span> <span class='ocrx_word' id='word_1_320' title='bbox 1004 3678 1110 3730; x_wconf 86' lang='lat' dir='ltr'>exc.A</span> <span class='ocrx_word' id='word_1_321' title='bbox 1194 3695 1226 3740; x_wconf 78' lang='lat'>24</span> <span class='ocrx_word' id='word_1_322' title='bbox 1243 3680 1293 3730; x_wconf 88' lang='lat' dir='ltr'>hiis</span> <span class='ocrx_word' id='word_1_323' title='bbox 1379 3683 1381 3686; x_wconf 78' lang='grc'>’</span> 
     </span>
     <span class='ocr_line' id='line_1_38' title="bbox 291 3746 393 3796; baseline 0.02 -2"><span class='ocrx_word' id='word_1_324' title='bbox 291 3746 336 3796; x_wconf 81' lang='lat' dir='ltr'>A:</span> <span class='ocrx_word' id='word_1_325' title='bbox 353 3746 393 3796; x_wconf 92' lang='lat' dir='ltr'>his</span> 
     </span>
    </p>
   </div>
   <div class='ocr_carea' id='block_1_4' title="bbox 0 0 1506 4520">
    <p class='ocr_par' dir='ltr' id='par_1_4' title="bbox 0 0 1506 4520">
     <span class='ocr_line' id='line_1_39' title="bbox 0 0 1506 4520; baseline 0 0"><span class='ocrx_word' id='word_1_326' title='bbox 0 0 1506 4520; x_wconf 95' lang='lat' dir='ltr'> </span> 
     </span>
    </p>
   </div>
  </div>
 </body>
</html>
