3024 4568
427 389 473 485 in
495 427 716 486 vanuerunt
738 428 1026 488 PATERCVLVM

263 594 343 646 Haec
356 592 395 648 sic
409 593 581 664 interpretor,
596 591 674 648 Caeli
687 613 836 665 personam
849 595 984 650 eiusmodi
997 596 1082 653 fuisse
1095 594 1121 650 h.
1132 615 1155 650 e.
1170 608 1226 651 tarn

226 691 322 734 notam
335 681 465 736 omnibus
479 693 508 737 ut
525 683 599 753 quod
617 685 654 737 ab
673 701 706 738 eo
724 684 828 737 lactum
847 695 889 738 est
904 702 960 738 non
977 696 1072 754 posset
1085 686 1226 738 obscurari

225 769 304 838 quasi
324 788 353 823 re
374 788 440 824 uera
459 788 515 824 non
532 771 689 826 accidisset.
724 772 791 826 ‘Let
809 789 855 826 me
873 773 939 826 here
957 774 1054 827 record
1073 790 1091 826 a
1103 773 1226 826 circum·

225 865 321 910 stance
331 856 421 911 which
431 876 488 912 was
499 857 617 912 omitted
627 857 656 911 in
666 859 702 912 its
714 857 815 928 proper
825 861 919 929 place:
938 859 1015 913 since
1026 860 1073 913 the
1084 860 1227 914 character

224 944 255 996 os
268 944 316 999 the
334 963 436 1015 person
455 947 523 1000 does
542 955 591 1000 not
609 947 697 1000 admit
717 947 749 1000 ol
763 966 780 1001 a
798 947 855 1001 real
873 947 929 1002 fact
947 947 1033 1016 being
1049 948 1115 1016 kept
1133 947 1161 1000 in
1179 947 1226 1001 the

223 1033 311 1087 dark.'

258 1124 299 1177 68
315 1136 326 1175 1
350 1123 391 1175 M.
405 1121 516 1176 Caelius
532 1122 575 1175 uir
589 1122 700 1192 eloquio
717 1123 865 1193 animoque
881 1123 994 1177 Curioni
1012 1121 1157 1176 similimus
1174 1122 1225 1176 sed

223 1209 251 1262 in
265 1219 381 1278 utroque
394 1208 540 1278 perfectior
555 1226 607 1263 nec
621 1209 713 1262 minus
733 1209 875 1278 ingeniose
893 1227 1013 1280 nequam
1028 1226 1092 1262 cum
1104 1209 1225 1262 irnodica

223 1294 336 1365 quidem
361 1295 465 1350 seruari
490 1305 586 1364 posset
610 1295 713 1365 quippe
738 1296 816 1366 peior
840 1296 878 1349 illi
904 1315 947 1350 res
972 1294 1115 1349 familiaris
1140 1313 1224 1365 quam

223 1369 302 1439 mens
316 1394 375 1438 erat
387 1383 417 1437 in
430 1395 559 1453 praetura
571 1401 708 1437 nouarum
720 1386 876 1438 tabularum
888 1394 984 1439 auctor
996 1383 1093 1438 extitit.
1106 1384 1143 1436 Α.

258 1470 412 1526 inmodica
434 1473 477 1526 P:
510 1489 546 1525 ne
571 1470 599 1524 in
621 1472 733 1526 modica
758 1472 871 1543 quidem
895 1471 973 1541 [fide]
1000 1471 1104 1526 seruari
1128 1482 1224 1541 posset

221 1559 355 1629 Madmg.

260 1649 369 1702 Incerta
390 1658 432 1702 est
457 1649 616 1704 emendatio
637 1649 771 1717 Maduici,
790 1667 842 1704 nec
861 1649 936 1704 uiam
954 1667 1044 1704 nouae
1063 1649 1224 1720 praecludit.

223 1735 354 1805 Duplicia
367 1736 542 1806 temptarim:
564 1747 610 1790 aut
626 1737 664 1806 (1)
679 1755 743 1791 cum
756 1755 790 1790 ne
799 1738 909 1791 modica
921 1737 1035 1808 quidem
1046 1737 1164 1806 [soluere
1177 1735 1222 1806 ac]

221 1823 325 1878 seruari
344 1834 448 1893 posset,
469 1824 496 1878 h.
506 1842 530 1879 e.
553 1825 694 1880 modicam
712 1837 822 1895 partem
842 1825 954 1881 debitae
971 1826 1114 1896 pecuniae,
1134 1836 1164 1879 ut
1183 1827 1224 1880 sic

221 1911 298 1964 fieret
323 1909 506 1979 compositi03
539 1911 579 1978 (2)
599 1929 633 1964 ne
651 1912 762 1966 modica
781 1913 894 1982 quidem
915 1914 1028 1966 eiurare
1045 1922 1149 1982 posset,
1163 1914 1223 1967 h.e.

221 1996 279 2051 iure
290 1996 406 2050 iurando
417 1996 538 2066 profiteri
554 2015 631 2052 sene
648 1998 759 2052 modica
773 1999 887 2068 quidem
907 1999 1042 2052 soluendo
1055 2017 1125 2053 esse.
1151 2016 1223 2069 quae

221 2082 324 2136 locutio
336 2083 374 2136 ad
387 2081 564 2137 notissimum
577 2084 645 2139 illud
657 2087 770 2138 eiurare
782 2086 880 2138 bonam
892 2087 999 2155 copiam
1017 2087 1222 2141 accommodari

220 2169 318 2238 potuit.

255 2259 286 2308 in
306 2273 369 2310 cum
393 2273 427 2309 ne
451 2267 639 2325 permutatum
659 2256 769 2311 uidetur
792 2259 850 2312 116.
875 2272 886 2312 1
907 2257 954 2311 ubi
979 2257 1007 2311 in
1032 2259 1059 2311 A
1081 2269 1123 2312 est
1140 2267 1178 2315 ne
1195 2259 1222 2312 in

219 2344 321 2396 multos
340 2341 410 2411 (sic).
1200 2355 1204 2366 “

254 2433 293 2484 68
308 2445 324 2483 2
343 2429 371 2484 in
385 2431 452 2484 urbe
466 2430 632 2486 seditionem
650 2433 725 2486 haud
738 2431 828 2502 magis
845 2433 952 2487 occulte
970 2431 1099 2486 bellicum
1118 2436 1220 2488 tumul·

219 2527 277 2571 tum
291 2535 408 2572 mouens
420 2518 458 2572 Α.

256 2607 408 2674 Postquam
421 2607 513 2675 magis
526 2604 635 2674 Lipsius
655 2606 787 2661 intellexit
799 2609 830 2659 in
842 2609 922 2677 agn‘t
938 2606 1133 2674 corrigendum
1147 2624 1219 2675 esse,

218 2691 404 2746 Ruhnkenius
422 2692 502 2744 haud
521 2691 548 2745 in
571 2699 603 2745 at
619 2694 745 2760 mutauit,
765 2694 848 2763 idque
868 2692 969 2762 recepit
991 2693 1116 2748 Kritzius
1164 2695 1220 2749 Sed

219 2779 307 2832 multo
328 2778 478 2848 speciosior
497 2789 538 2833 est
560 2780 718 2834 coniectura
741 2780 910 2834 Mommseni
935 2781 1017 2834 haud
1035 2791 1099 2836 ante
1119 2784 1221 2836 occulte

219 2866 432 2936 transponentiS,
447 2869 478 2920 in
490 2869 571 2937 agris
582 2867 663 2920 haud
671 2871 773 2922 occulte
785 2869 910 2922 bellicum
923 2870 1076 2922 tumultum
1089 2887 1219 2935 mouens;

218 2971 284 3008 nam
303 2956 412 3008 Romae
431 2965 540 3023 praeter
558 2955 724 3010 seditionem
742 2957 810 3010 nihil
833 2975 917 3011 ausus
936 2967 979 3010 est
1003 2957 1123 3024 CaeliuS,
1143 2968 1171 3011 at
1191 2958 1219 3012 in

218 3041 292 3111 agris
311 3041 404 3111 palam
423 3042 525 3096 bellum
541 3043 640 3110 ciebat,
654 3045 740 3099 misso
759 3045 788 3098 in
801 3044 956 3098 Thurinum
974 3044 1011 3098 ad
1030 3045 1219 3101 sollicitandos

218 3141 344 3200 pastores
359 3128 470 3184 Milone

255 3219 425 3274 Mommseni
439 3220 664 3274 emendationem
677 3231 704 3275 et
719 3220 843 3275 Haasius
856 3231 883 3275 et
899 3221 1029 3274 Halmius
1046 3233 1219 3289 receperunt,

218 3318 246 3361 et
259 3307 419 3373 nouissime,
429 3309 460 3362 F.
477 3309 511 3361 E.
526 3309 686 3362 Rockwood
699 3309 728 3362 in
740 3310 784 3363 ed.
797 3309 965 3363 Americana
980 3310 1106 3377 (Boston,
1123 3310 1210 3376 1893).

254 3398 325 3463 692
346 3397 377 3450 C.
398 3395 550 3450 Cassius..
565 3437 571 3450 .
586 3395 721 3451 inclusum
745 3397 924 3451 Dolabellam
946 3395 992 3467 qui
1017 3407 1220 3466 praeoccupata

218 3480 286 3536 Asia
304 3480 331 3534 in
352 3481 460 3552 Syriam
479 3494 643 3552 peruenerat
664 3483 797 3538 Laodicia
816 3493 956 3554 expugnat
978 3501 1012 3537 ea
1030 3483 1098 3536 urbe
1115 3483 1219 3537 fecerat

217 3567 255 3623 ita
267 3578 362 3623 tamen
376 3580 405 3624 ut
418 3568 557 3624 adiectum
571 3569 643 3624 serui
657 3570 699 3625 sui
712 3571 861 3625 Dolabella
874 3588 929 3624 non
943 3568 1064 3639 segniter
1081 3570 1217 3624 ceruicem

218 3655 297 3710 daret
310 3666 337 3711 et
350 3657 447 3711 decem
460 3655 582 3726 legiones
596 3656 623 3710 in
635 3675 669 3712 eo
681 3667 770 3712 tractu
783 3657 825 3712 sui
838 3657 902 3712 iuris
915 3658 1025 3711 lecerat.
1039 3658 1077 3710 A.

255 3743 387 3799 Laodicia
406 3757 546 3815 expugnat
563 3747 660 3800 Burer
676 3752 794 3800 testatus
811 3753 851 3800 est
868 3749 899 3800 in
916 3746 1099 3800 Murbacensi
1107 3745 1217 3815 fm'sse:

218 3832 388 3888 Laodiceam
396 3844 553 3904 expugnata
560 3835 595 3889 P.
664 3834 769 3890 fecerat
782 3833 820 3888 ita
833 3845 926 3889 tamen
940 3842 969 3888 ut
982 3831 1121 3888 adiectum
1133 3835 1217 3886 etiam

693 3933 741 3998 ¹⁶7
