2996 4520
577 417 732 478 VELLEI
755 418 996 479 PATERCVLI

262 586 505 664 ooppugnationi
528 596 629 646 autem
654 586 819 647 Praenestis
841 606 877 647 ac
900 586 978 647 Mari
1004 585 1168 664 praefuerat
1193 587 1291 649 Ofella

292 683 454 757 Lucretius,
465 683 594 762 quicum
603 694 672 744 ante
683 683 882 744 Marianarum
892 684 994 745 fuisset
1002 685 1130 762 partium
1141 687 1288 763 †praetor,

290 783 329 842 ad
354 783 466 842 Sullam
491 783 691 859 transfugerat.
734 781 904 843 felicitatem
932 781 1000 855 diei,
1026 802 1087 860 quo
1112 782 1289 844 Samnitium

290 878 482 956 Telesinique
505 881 608 956 pulsus
630 890 675 940 est
697 879 849 954 exercitus,
873 881 955 940 Sulla
981 891 1124 958 perpetua
1151 882 1289 942 ludorum

291 976 466 1036 circensium
481 977 638 1037 honorauit
652 977 803 1051 memoria,
816 977 868 1056 qui
878 979 934 1039 sub
945 977 1008 1039 eius
1019 977 1142 1039 nomine
1152 980 1290 1040 Sullanae
1304 997 1317 1046 5

290 1074 440 1135 Victoriae
454 1075 647 1136 celebrantur.

237 1187 278 1246 28
331 1174 425 1233 Paulo
439 1184 612 1250 antequam
628 1175 709 1234 Sulla
724 1175 764 1233 ad
782 1172 981 1251 Sacriportum
1003 1173 1165 1247 dimicaret,
1180 1171 1291 1250 magni-

291 1269 354 1330 ficis
368 1270 487 1347 proeliis
505 1271 633 1347 partium
651 1270 715 1332 eius
734 1271 789 1331 uiri
807 1271 938 1332 hostium
961 1272 1121 1332 exercitum
1143 1259 1288 1345 fuderant,

292 1369 354 1428 duo
368 1367 484 1429 Seruilii
502 1369 583 1445 apud
598 1367 743 1442 Clusium,
760 1370 900 1429 Metellus
920 1369 991 1429 Pius
1007 1370 1089 1446 apud
1104 1369 1287 1442 Fauentiam,

264 1490 276 1523 ι
292 1468 335 1525 Μ.
352 1467 494 1526 Lucullus
508 1465 586 1526 circa
600 1465 775 1526 Fidentiam.
818 1465 998 1526 uidebantur
1014 1466 1098 1526 finita
1110 1465 1181 1544 belli
1195 1465 1289 1526 ciuilis
1305 1487 1337 1522 10

292 1564 377 1636 mala,
393 1583 462 1623 cum
484 1565 582 1624 Sullae
606 1563 780 1624 crudelitate
803 1575 890 1624 aucta
912 1573 989 1624 sunt.
1032 1563 1143 1642 quippe
1163 1563 1290 1624 dictator

291 1672 406 1720 creatus
421 1660 518 1740 (cuius
537 1660 658 1722 honoris
679 1660 831 1739 usurpatio
849 1681 902 1738 per
915 1679 1011 1722 annos
1025 1679 1090 1721 cxx
1103 1661 1291 1735 intermissa;

291 1778 361 1818 nam
383 1758 534 1835 proximus
558 1769 626 1836 post
652 1778 766 1819 annum
791 1779 881 1837 quam
907 1759 1062 1819 Hannibal
1085 1758 1171 1820 Italia
1193 1779 1290 1819 exces-

291 1867 375 1929 serat,
388 1855 431 1916 uti
444 1869 584 1934 appareat
597 1859 742 1934 populum
755 1859 927 1917 Romanum
942 1876 1029 1916 usum
1043 1855 1194 1917 dictatoris
1209 1857 1290 1916 haud

293 1965 374 2014 metu
399 1953 582 2014 desiderasse
609 1953 660 2014 tali
684 1974 745 2032 quo
770 1953 916 2014 timuisset
939 1951 1130 2033 potestatem)
1154 1953 1288 2030 imperio,
1306 1977 1336 2028 15

291 2072 347 2128 qao
364 2051 476 2128 priores
492 2054 532 2112 ad
554 2051 766 2112 uindicandam
789 2051 924 2112 maximis
943 2051 1080 2128 periculis
1098 2051 1223 2129 patriam
1244 2051 1291 2111 usi

292 2161 382 2222 erant,
412 2169 449 2209 eo
476 2150 509 2209 ia
536 2148 705 2209 inmodicae
735 2147 915 2209 crudelitatis
946 2148 1096 2209 licentiam
1130 2169 1201 2209 usus
1236 2159 1288 2209 est.

244 2247 403 2326 ,3primus
429 2247 487 2320 ille,
517 2256 546 2306 et
574 2245 687 2306 utinam
715 2245 845 2319 ultimus
874 2247 1042 2323 exemplum
1069 2245 1291 2323 proscriptionis

291 2345 414 2418 inuenit,
443 2355 476 2404 ut
502 2343 535 2403 in
562 2363 622 2422 qua
654 2343 773 2404 ciuitate
805 2343 964 2422 petulantis
997 2343 1115 2404 conuici
1146 2343 1291 2404 iudicium

327 2518 339 2550 1
358 2499 617 2564 oppugnationisAP
658 2501 828 2564 praefueraB
891 2499 1032 2550 AffellaB:
1050 2499 1187 2549 AfellaA:
1204 2498 1292 2548 Asella
1329 2499 1332 2503 ’

292 2568 333 2618 P:
346 2568 430 2616 Ofella
442 2567 775 2630 margoMurlaoensisleste
787 2567 870 2615 Burer
933 2583 948 2614 a
965 2564 1078 2614 anteeA
1093 2566 1146 2628 (sic)
1198 2565 1290 2613 Maria-

293 2650 383 2682 narum
393 2633 432 2684 P:
458 2633 613 2681 marinarum
625 2632 675 2681 BA
765 2639 870 2694 praetor
880 2631 949 2682 AP:
974 2632 1089 2693 proditor
1104 2630 1182 2680 Voss:
1208 2631 1292 2679 fautor

292 2701 393 2748 Sm'ner
525 2699 602 2760 5qui
622 2699 668 2746 sub
691 2698 748 2748 eius
769 2697 823 2746 AB
843 2703 866 2746 et
888 2713 977 2762 marga
995 2697 1035 2744 P:
1070 2697 1162 2758 quibus
1188 2697 1243 2744 eius
1268 2694 1294 2742 P

293 2766 416 2827 Syllanae
427 2763 452 2811 A
499 2764 544 2814 del.
555 2765 676 2812 Heinsius
685 2769 708 2812 et
718 2763 804 2811 Haase
869 2780 886 2826 9
902 2762 995 2812 Seruili
1006 2768 1069 2823 aput
1081 2763 1119 2827 (-d
1130 2761 1164 2824 P)
1177 2761 1291 2810 Plusium

292 2831 347 2878 ΑΡ
410 2830 481 2892 Pius]
494 2829 589 2892 plusA
702 2845 732 2878 10
745 2829 887 2878 Fidentiam
898 2828 953 2876 AP
1015 2828 1090 2876 bellis
1104 2827 1131 2874 A
1144 2827 1291 2876 sedserasa

295 2912 323 2944 11
342 2896 428 2946 Sullae
445 2897 484 2944 liic
498 2895 524 2942 A
600 2895 777 2944 crudelitatem
793 2894 820 2941 A
887 2901 962 2942 aucta
978 2893 1014 2940 bis
1029 2892 1055 2939 A
1074 2892 1118 2941 sed
1132 2893 1207 2940 alteru
1222 2907 1292 2940 eraso

294 2994 324 3027 12
341 2993 392 3027 cxx
410 2978 455 3028 A:
472 2971 530 3028 cx—x.
550 2977 577 3024 P
674 2993 704 3040 13
720 2977 767 3025 fuit
783 2981 842 3040 post
852 2991 907 3024 exc.
919 2975 975 3025 add.
991 2974 1095 3023 Cludius
1184 2990 1214 3037 14
1231 2976 1290 3036 adp.

821 3039 934 3082 cotinuisse

291 3094 346 3142 AP
393 3092 473 3156 haud]
484 3100 528 3142 aut
536 3100 605 3141 metu
614 3093 746 3142 desideras
753 3093 815 3141 tulio
827 3091 943 3140 cotimuis
955 3107 984 3139 se
992 3089 1076 3153 (Tullo
1084 3090 1122 3139 Co
1132 3090 1248 3138 timuisse
1256 3088 1290 3154 P)

293 3167 447 3222 potestatem
455 3158 516 3218 AP,
528 3175 591 3221 quae
601 3159 707 3206 correxi:
731 3160 799 3207 haud
817 3158 852 3205 ita
869 3157 1031 3205 desiderasse
1049 3156 1086 3204 uti
1104 3157 1253 3204 extimuisse
1266 3171 1291 3218 p.

294 3226 393 3274 Gronov
416 3226 486 3276 Obss.
513 3225 540 3274 ii.
566 3239 615 3285 ²3²
642 3225 706 3272 haut
733 3225 769 3272 ita
794 3223 820 3272 in
845 3229 913 3270 metu
942 3221 1113 3282 desiderasse,
1134 3229 1163 3270 ut
1188 3223 1214 3270 in
1237 3222 1292 3270 otio

293 3291 406 3338 timuisse
418 3307 442 3352 p.
456 3290 588 3352 Ruhnken,
601 3294 624 3337 el
634 3290 668 3336 sic
677 3288 785 3353 Sauppe,
798 3287 843 3336 sed
856 3287 948 3336 omisso
964 3289 1008 3336 in:
1028 3296 1055 3337 ut
1069 3288 1095 3334 in
1109 3294 1178 3336 metu
1190 3288 1290 3335 deside·

293 3373 364 3405 rasse
381 3357 416 3404 ita
431 3357 458 3404 in
470 3357 523 3405 otio
535 3355 649 3404 timuisse
661 3371 686 3416 p.
698 3355 797 3402 Halm:
817 3361 845 3402 ut
861 3354 887 3401 in
902 3360 971 3402 metu
987 3354 1158 3413 desiderasse,
1173 3354 1209 3401 ita
1221 3353 1292 3400 nullo

293 3438 324 3470 eo
337 3422 454 3470 timuisse
466 3421 555 3471 Novak
638 3434 667 3481 15
684 3419 728 3468 tali
740 3435 792 3481 quo
804 3420 844 3467 uel
853 3435 883 3467 ac
894 3434 938 3483 ego
993 3419 1100 3480 imperio
1112 3433 1202 3481 prores
1214 3417 1291 3480 (proh

292 3504 334 3536 res
352 3486 387 3552 P)
406 3488 437 3536 ad
456 3487 636 3536 uindicandam
655 3487 736 3549 (dum
753 3485 788 3546 P)
806 3485 907 3533 maximi
926 3484 1031 3545 periculi
1052 3485 1134 3546 spolia
1151 3485 1292 3532 musierant

291 3553 351 3616 AP,
372 3569 420 3602 em.
440 3553 552 3602 Gelenius
567 3557 590 3601 et
605 3552 738 3612 Ruhnken,
756 3551 800 3599 sed
817 3555 845 3598 ut
860 3566 940 3612 remp.
959 3567 989 3599 ex
1006 3550 1101 3612 poliam
1117 3551 1229 3612 elr'oerent,
1244 3558 1293 3613 pro

212 3623 213 3626 ’
292 3635 341 3680 quo
360 3635 417 3666 cum
434 3619 546 3668 Sm'neru
566 3619 674 3681 patriam
693 3618 791 3666 malia':
819 3618 851 3665 ad
870 3616 1050 3665 uindicandum
1071 3630 1103 3664 m.
1124 3632 1148 3677 p.
1170 3616 1292 3676 populum

292 3700 315 3734 u.
337 3701 359 3733 e.
378 3685 489 3733 Laurent
612 3699 640 3744 17
658 3699 690 3732 eo
706 3682 849 3732 inmodicae
868 3682 947 3744 (imm.
965 3681 1000 3746 P)
1018 3682 1088 3730 crud.
1111 3681 1215 3729 licentia
1230 3679 1289 3742 AP,

290 3766 338 3800 m.
358 3750 478 3800 Gladius:
506 3765 537 3799 eo
560 3751 593 3798 ad
616 3749 632 3799 i.
657 3750 810 3798 Burmann:
830 3747 893 3810 sort.
916 3748 942 3796 in
966 3763 997 3796 eo
1018 3747 1035 3797 i.
1053 3759 1075 3798 c.
1097 3746 1201 3795 licentia
1223 3761 1247 3796 u.
1267 3761 1289 3796 e.

293 3816 323 3864 18
334 3825 426 3880 prostr.
440 3815 466 3862 A

772 3925 806 3992 46
