2996 4520
590 378 745 438 VELLEI
767 377 1008 438 PATERCVLI

305 545 419 607 Antoni
433 545 566 606 animum
580 543 712 622 partibus
727 543 789 606 eius
804 564 836 605 se
847 543 1021 618 miscuisset,
1033 555 1154 622 rogante
1166 546 1303 617 Caesare,

306 655 339 704 ut
352 665 454 704 secum
469 646 508 705 ad
526 644 638 704 bellum
660 642 892 720 proficisceretur
911 641 1085 704 Actiacum:
1107 663 1181 715 mea,
1198 641 1303 719 inquit,

305 741 336 800 in
361 739 527 801 Antonium
552 739 664 800 maiora
688 738 792 799 merita
818 750 896 812 sunt,
920 738 997 799 illius
1024 739 1055 798 in
1083 760 1132 799 me
1160 737 1306 800 beneficia

306 837 440 912 notiora;
474 836 573 915 itaque
600 834 771 897 discrimine
799 848 898 897 uestro
926 857 975 896 me
1002 837 1174 897 subtraham
1196 847 1226 896 et
1253 855 1305 896 ero

306 937 417 1012 praeda
430 933 557 994 uictoris.
1320 945 1336 995 5

249 1033 292 1108 87
347 1031 485 1092 Proximo
506 1031 616 1092 deinde
634 1051 714 1092 anno
735 1042 906 1109 persecutus
927 1030 1057 1108 reginam
1079 1030 1305 1107 Antoniumque

306 1129 524 1202 Alexandriam,
555 1127 689 1189 ultimam
725 1127 809 1188 bellis
837 1126 973 1188 ciuilibus
1004 1127 1145 1205 imposuit
1173 1148 1301 1187 manum.

306 1226 455 1287 Antonius
471 1247 502 1286 se
516 1225 579 1303 ipse
594 1246 655 1286 non
670 1225 797 1303 segniter
815 1225 971 1299 interemit,
986 1228 1063 1286 adeo
1078 1237 1111 1285 ut
1125 1228 1218 1285 multa
1231 1224 1307 1285 desi-

303 1325 374 1386 diae
390 1323 513 1386 crimina
532 1335 627 1384 morte
641 1323 805 1384 redimeret.
831 1333 862 1382 at
881 1325 1039 1400 Cleopatra
1052 1323 1194 1383 frustratis
1210 1335 1305 1384 custo-

303 1422 395 1484 dibus
410 1421 501 1481 inlata
514 1421 626 1498 aspide,
638 1420 670 1479 in
681 1440 781 1480 morsu
797 1419 937 1496 sanieque
952 1419 1023 1492 eius,
1039 1440 1142 1497 expers
1154 1418 1304 1479 muliebris
1323 1436 1355 1470 10

202 1535 203 1540 ’
278 1531 404 1583 ametus
428 1518 561 1596 spiritum
586 1516 722 1578 reddidit
766 1515 880 1593 fuitque
902 1527 932 1576 et
955 1518 1073 1576 fortuna
1097 1528 1127 1576 et
1149 1515 1306 1576 clementia

308 1616 442 1679 Caesaris
463 1615 596 1692 dignum,
612 1616 695 1691 quod
716 1633 806 1673 nemo
827 1633 863 1672 ex
883 1613 926 1686 iis,
942 1612 994 1690 qui
1015 1625 1118 1674 contra
1138 1634 1207 1674 eum
1226 1633 1307 1672 arma

307 1717 442 1786 tulerant,
465 1712 504 1772 ab
525 1732 561 1772 eo
582 1709 702 1770 iussuue
724 1709 786 1770 eius
810 1709 1003 1788 interemptus
1027 1719 1074 1770 est.
1119 1714 1156 1770 D.
1182 1715 1307 1770 Brutum

308 1811 422 1872 Antoni
432 1807 579 1870 interemit
590 1807 754 1868 crudelitas.
792 1809 913 1867 Sextum
928 1807 1105 1885 Pompeium
1119 1808 1157 1867 ab
1172 1811 1307 1870 †eodem

308 1908 420 1969 uictum
445 1907 526 1968 idem
548 1905 706 1979 Antonius,
733 1925 802 1964 cum
826 1904 976 1982 dignitatis
999 1926 1119 1983 quoque
1143 1909 1307 1967 seruandae
1322 1922 1355 1973 15

281 2006 439 2086 gdedisset
460 2006 559 2076 fidem,
583 2003 672 2064 etiam
694 2002 796 2080 spiritu
820 2001 955 2080 priuauit
1000 2007 1107 2063 Brutus
1132 2015 1162 2064 et
1186 2003 1307 2065 Cassius

308 2113 385 2176 ante,
402 2121 491 2178 quam
506 2099 652 2160 uictorum
667 2098 866 2176 experirentur
879 2099 1021 2172 animum,
1034 2100 1200 2160 uoluntaria
1213 2113 1308 2162 morte

309 2198 453 2260 obierunt
507 2196 621 2257 Antoni
644 2198 879 2274 Cleopatraeque
901 2197 967 2274 quis
990 2197 1076 2257 fuerit
1098 2198 1192 2259 exitus
1214 2220 1310 2258 narra-

309 2297 415 2356 uimus
459 2295 602 2358 Canidius
624 2294 755 2356 timidius
776 2295 911 2369 decessit,
928 2317 1018 2373 quam
1039 2297 1214 2374 professioni
1235 2299 1307 2372 eius,

310 2416 369 2473 qua
383 2416 499 2473 semper
513 2415 583 2455 usus
603 2405 672 2467 erat,
689 2396 877 2472 congruebat.
921 2395 1041 2456 ultimus
1060 2409 1159 2457 autem
1174 2419 1210 2458 ex
1223 2397 1310 2458 inter·
1326 2421 1361 2456 ro

309 2494 469 2554 sectoribus
493 2493 626 2555 Caesaris
645 2494 812 2555 Parmensis
830 2493 950 2556 Cassius
973 2506 1068 2556 morte
1081 2516 1193 2573 poenas
1216 2497 1307 2571 dedit,

310 2603 344 2652 ut
358 2594 480 2653 dederat
494 2591 662 2651 Trebonius
669 2593 795 2668 primus.

256 2691 295 2748 88
352 2691 434 2748 Dum
462 2687 596 2748 ultimam
631 2688 711 2749 bello
746 2689 870 2749 Actiaco
905 2690 1166 2768 Alexandrinoque
1201 2694 1311 2754 Caesar

343 2860 355 2892 1
374 2843 481 2893 Antonii
493 2842 547 2890 ΑΡ
611 2843 755 2892 miscuisset
766 2842 836 2892 BA:
853 2843 1071 2893 immiscuissetP
1134 2863 1149 2894 a
1166 2847 1309 2895 Actiacum

308 2910 334 2957 A
402 2925 418 2968 4
435 2909 582 2956 discrimine
589 2909 649 2967 ΑΡ,
658 2915 686 2956 ut
698 2908 766 2972 Verg.
774 2910 839 2958 Aen.
850 2911 881 2958 vi.
891 2912 947 2972 465,
957 2912 1005 2972 698
1017 2929 1023 2958 r
1036 2911 1312 2960 discriminiAa'dalius

309 2976 436 3023 6deinde
454 2973 523 3022 BA:
551 2990 600 3023 om.
618 2973 644 3021 P
742 2975 964 3035 7Alexandream
986 2975 1037 3022 BA
1139 2979 1312 3038 9redemerit

309 3041 392 3087 Halm
471 3055 501 3088 ro
518 3039 689 3100 aspidemA:
706 3041 795 3101 aspide
808 3040 888 3088 inB:
906 3040 1033 3102 aspideP
1107 3043 1245 3106 morsutA
1257 3044 1310 3106 (sic)

310 3122 372 3154 sane
392 3106 447 3154 eius
466 3104 558 3152 ABP:
579 3105 701 3166 sanieque
720 3107 777 3154 eius
792 3105 828 3156 Io.
841 3106 875 3154 Is.
889 3106 1036 3155 Fontanus:
1054 3115 1080 3156 et
1091 3110 1163 3156 sanie
1178 3110 1234 3157 eius
1244 3109 1310 3156 Bur-

311 3188 409 3220 mann:
426 3186 489 3219 num
507 3185 606 3218 morsus
625 3171 699 3218 sanie
713 3170 785 3220 eius?
884 3173 997 3220 mulieris
1016 3173 1042 3219 A
1162 3189 1192 3221 ra
1210 3173 1322 3222 hisAP

312 3253 342 3297 13
356 3237 427 3284 iussu
435 3253 467 3284 ue
478 3235 514 3296 A,
526 3236 570 3283 sed
577 3236 716 3298 interposito
724 3236 736 3282 s
740 3236 808 3298 quod
816 3236 899 3284 dubito
906 3254 940 3285 an
951 3253 963 3284 s
968 3237 1048 3297 fuen't
1054 3255 1066 3297 ,¹
1082 3243 1139 3285 carta
1148 3240 1218 3286 solito
1231 3241 1316 3286 minor

310 3308 351 3361 est,
360 3303 458 3348 tametsi
467 3307 550 3349 contra
563 3301 684 3349 Orellium
696 3303 795 3350 Feclrtar
802 3303 836 3350 sic
845 3304 928 3365 legan't
938 3305 1054 3351 iussusue
1121 3313 1160 3352 est
1172 3305 1227 3353 add.
1239 3304 1316 3353 Orelli

313 3383 342 3428 14
359 3367 467 3415 Antonii
478 3365 533 3413 ΑΡ
612 3367 644 3414 ab
655 3367 724 3416 AB:
743 3368 776 3416 ob
787 3367 826 3416 P:
844 3368 875 3415 ab
887 3384 918 3415 eo
930 3369 1060 3417 deuictum
1070 3367 1203 3418 Aa'dalius
1216 3373 1246 3435 (l)
1259 3388 1265 3419 ι
1281 3371 1312 3418 ab

311 3434 402 3481 eodem
414 3433 508 3481 uictum
519 3432 693 3494 interpolatum
705 3438 774 3480 ratus
786 3438 821 3480 est
835 3433 923 3481 Novak
1024 3448 1053 3494 15
1071 3437 1213 3484 seruandae
1225 3452 1274 3483 om.
1284 3435 1310 3482 A

313 3500 343 3544 16
356 3504 414 3559 post
422 3498 497 3545 etiam
509 3513 608 3545 erasum
620 3499 690 3544 estin
701 3498 727 3545 A
743 3514 779 3559 pr.
788 3499 909 3546 nimirum
920 3501 1054 3562 scripturus
1068 3500 1155 3560 suerat
1173 3500 1311 3548 Amerbaclr

310 3563 421 3625 priuauit
443 3564 541 3625 spiritu,
562 3563 650 3610 melius
675 3563 741 3610 mado
766 3564 802 3611 ad
815 3581 906 3611 sonum
929 3571 1001 3625 atqua
1022 3566 1150 3627 emphasin
1282 3568 1313 3614 18

311 3629 462 3689 Cleopatrae
479 3645 544 3690 quae
561 3629 587 3675 A
688 3629 764 3676 suerit
781 3645 810 3676 ax
826 3630 916 3678 suisset
932 3629 978 3678 A:
996 3631 1085 3678 suisset
1101 3630 1127 3678 P
1242 3648 1272 3692 19
1289 3632 1312 3678 ei

313 3693 417 3742 Cludias
515 3709 546 3741 22
564 3694 660 3755 primus
671 3694 824 3744 add.Aldns
834 3695 940 3757 sedpost
951 3697 1058 3744 dederat
1140 3712 1172 3757 23
1189 3695 1312 3760 Actiacori

311 3759 337 3807 A
353 3759 405 3824 (sic)

784 3875 829 3910 100
