<?xml version="1.0" encoding="UTF-8"?>
<!DOCTYPE html PUBLIC "-//W3C//DTD XHTML 1.0 Transitional//EN"
    "http://www.w3.org/TR/xhtml1/DTD/xhtml1-transitional.dtd">
<html xmlns="http://www.w3.org/1999/xhtml" xml:lang="en" lang="en">
 <head>
  <title>
</title>
<meta http-equiv="Content-Type" content="text/html;charset=utf-8" />
  <meta name='ocr-system' content='tesseract 3.04.00' />
  <meta name='ocr-capabilities' content='ocr_page ocr_carea ocr_par ocr_line ocrx_word'/>
</head>
<body>
  <div class='ocr_page' id='page_1' title='image "./velleipaterculi00elligoog_0026.png"; bbox 0 0 3010 4520; ppageno 0'>
   <div class='ocr_carea' id='block_1_1' title="bbox 575 480 901 541">
    <p class='ocr_par' dir='ltr' id='par_1_1' title="bbox 575 480 901 541">
     <span class='ocr_line' id='line_1_1' title="bbox 575 480 901 541; baseline -0.009 -2"><span class='ocrx_word' id='word_1_1' title='bbox 575 480 901 541; x_wconf 91' lang='lat' dir='ltr'><strong>PROLEGOMENA</strong></span> 
     </span>
    </p>
   </div>
   <div class='ocr_carea' id='block_1_2' title="bbox 239 648 1238 774">
    <p class='ocr_par' dir='ltr' id='par_1_2' title="bbox 239 648 1238 774">
     <span class='ocr_line' id='line_1_2' title="bbox 239 648 1238 774; baseline -0.002 -16"><span class='ocrx_word' id='word_1_2' title='bbox 239 699 369 761; x_wconf 90' lang='lat' dir='ltr'>Velleius</span> <span class='ocrx_word' id='word_1_3' title='bbox 374 723 383 774; x_wconf 88' lang='lat'>;</span> <span class='ocrx_word' id='word_1_4' title='bbox 406 701 434 760; x_wconf 91' lang='lat' dir='ltr'>ii.</span> <span class='ocrx_word' id='word_1_5' title='bbox 448 722 493 761; x_wconf 86' lang='lat'>20.</span> <span class='ocrx_word' id='word_1_6' title='bbox 510 722 522 760; x_wconf 93' lang='lat'>1</span> <span class='ocrx_word' id='word_1_7' title='bbox 537 648 579 759; x_wconf 72' lang='lat' dir='ltr'>dd</span> <span class='ocrx_word' id='word_1_8' title='bbox 589 703 713 760; x_wconf 64' lang='lat' dir='ltr'>exercitt}</span> <span class='ocrx_word' id='word_1_9' title='bbox 722 703 767 759; x_wconf 89' lang='lat' dir='ltr'>A:</span> <span class='ocrx_word' id='word_1_10' title='bbox 786 703 830 758; x_wconf 85' lang='lat' dir='ltr'>ad</span> <span class='ocrx_word' id='word_1_11' title='bbox 839 700 992 759; x_wconf 76' lang='lat' dir='ltr'>exercitum</span> <span class='ocrx_word' id='word_1_12' title='bbox 1002 701 1034 771; x_wconf 87' lang='lat' dir='ltr'>P,</span> <span class='ocrx_word' id='word_1_13' title='bbox 1045 699 1099 758; x_wconf 90' lang='lat' dir='ltr'>sed</span> <span class='ocrx_word' id='word_1_14' title='bbox 1111 701 1238 758; x_wconf 90' lang='lat' dir='ltr'>Burerus</span> 
     </span>
    </p>
   </div>
   <div class='ocr_carea' id='block_1_3' title="bbox 177 803 1239 3643">
    <p class='ocr_par' dir='ltr' id='par_1_3' title="bbox 177 803 1239 1413">
     <span class='ocr_line' id='line_1_3' title="bbox 214 803 1239 878; baseline -0.002 -13"><span class='ocrx_word' id='word_1_15' title='bbox 214 806 392 878; x_wconf 42' lang='lat' dir='ltr'>,adnotauit</span> <span class='ocrx_word' id='word_1_16' title='bbox 422 808 652 868; x_wconf 91' lang='lat' dir='ltr'>Murbacensem</span> <span class='ocrx_word' id='word_1_17' title='bbox 677 806 720 866; x_wconf 93' lang='lat' dir='ltr'>sic</span> <span class='ocrx_word' id='word_1_18' title='bbox 741 806 851 865; x_wconf 91' lang='lat' dir='ltr'>habere</span> <span class='ocrx_word' id='word_1_19' title='bbox 875 816 908 865; x_wconf 94' lang='lat' dir='ltr'>ut</span> <span class='ocrx_word' id='word_1_20' title='bbox 932 804 1058 865; x_wconf 89' lang='lat' dir='ltr'>dubium</span> <span class='ocrx_word' id='word_1_21' title='bbox 1080 803 1137 864; x_wconf 89' lang='lat' dir='ltr'>sibi</span> <span class='ocrx_word' id='word_1_22' title='bbox 1161 815 1239 863; x_wconf 88' lang='lat' dir='ltr'>esset</span> 
     </span>
     <span class='ocr_line' id='line_1_4' title="bbox 237 909 1239 988; baseline -0.003 -17"><span class='ocrx_word' id='word_1_23' title='bbox 237 923 302 972; x_wconf 89' lang='lat' dir='ltr'>utra</span> <span class='ocrx_word' id='word_1_24' title='bbox 323 924 400 972; x_wconf 90' lang='lat' dir='ltr'>esset</span> <span class='ocrx_word' id='word_1_25' title='bbox 427 913 524 973; x_wconf 90' lang='lat' dir='ltr'>uerior</span> <span class='ocrx_word' id='word_1_26' title='bbox 546 912 717 973; x_wconf 87' lang='lat' dir='ltr'>lectionum.</span> <span class='ocrx_word' id='word_1_27' title='bbox 772 915 878 988; x_wconf 89' lang='lat' dir='ltr'>Itaque</span> <span class='ocrx_word' id='word_1_28' title='bbox 900 931 936 971; x_wconf 91' lang='lat' dir='ltr'>ex</span> <span class='ocrx_word' id='word_1_29' title='bbox 956 910 1022 988; x_wconf 85' lang='lat' dir='ltr'>ipso</span> <span class='ocrx_word' id='word_1_30' title='bbox 1046 909 1239 970; x_wconf 89' lang='lat' dir='ltr'>Murbacensi</span> 
     </span>
     <span class='ocr_line' id='line_1_5' title="bbox 236 1015 1238 1094; baseline -0.004 -16"><span class='ocrx_word' id='word_1_31' title='bbox 236 1019 319 1078; x_wconf 86' lang='lat' dir='ltr'>fluxit</span> <span class='ocrx_word' id='word_1_32' title='bbox 338 1019 494 1080; x_wconf 80' lang='lat' dir='ltr'>haesitatio</span> <span class='ocrx_word' id='word_1_33' title='bbox 516 1019 566 1079; x_wconf 95' lang='lat' dir='ltr'>illa</span> <span class='ocrx_word' id='word_1_34' title='bbox 588 1017 797 1079; x_wconf 88' lang='lat' dir='ltr'>Amerbachii:</span> <span class='ocrx_word' id='word_1_35' title='bbox 827 1029 931 1078; x_wconf 90' lang='lat' dir='ltr'>contra</span> <span class='ocrx_word' id='word_1_36' title='bbox 951 1038 987 1077; x_wconf 87' lang='lat' dir='ltr'>ex</span> <span class='ocrx_word' id='word_1_37' title='bbox 1004 1037 1041 1078; x_wconf 93' lang='lat' dir='ltr'>eo</span> <span class='ocrx_word' id='word_1_38' title='bbox 1060 1018 1144 1094; x_wconf 92' lang='lat' dir='ltr'>quod</span> <span class='ocrx_word' id='word_1_39' title='bbox 1165 1015 1196 1075; x_wconf 93' lang='lat' dir='ltr'>in</span> <span class='ocrx_word' id='word_1_40' title='bbox 1214 1019 1238 1075; x_wconf 93' lang='lat' dir='ltr'>P</span> 
     </span>
     <span class='ocr_line' id='line_1_6' title="bbox 177 1120 1238 1202; baseline -0.004 -17"><span class='ocrx_word' id='word_1_41' title='bbox 177 1121 180 1129; x_wconf 42' lang='lat'><em>¹</em></span> <span class='ocrx_word' id='word_1_42' title='bbox 236 1135 281 1185; x_wconf 88' lang='lat' dir='ltr'>est</span> <span class='ocrx_word' id='word_1_43' title='bbox 300 1127 382 1185; x_wconf 91' lang='lat' dir='ltr'>nulla</span> <span class='ocrx_word' id='word_1_44' title='bbox 403 1125 532 1202; x_wconf 93' lang='lat' dir='ltr'>suspicio</span> <span class='ocrx_word' id='word_1_45' title='bbox 552 1124 700 1185; x_wconf 88' lang='lat' dir='ltr'>suboritur</span> <span class='ocrx_word' id='word_1_46' title='bbox 720 1123 860 1200; x_wconf 79' lang='lat' dir='ltr'>ambigue</span> <span class='ocrx_word' id='word_1_47' title='bbox 879 1134 1033 1183; x_wconf 51' lang='lat' dir='ltr'>exaratum¹</span> <span class='ocrx_word' id='word_1_48' title='bbox 1048 1143 1113 1182; x_wconf 91' lang='lat' dir='ltr'>esse</span> <span class='ocrx_word' id='word_1_49' title='bbox 1132 1120 1238 1182; x_wconf 90' lang='lat' dir='ltr'>hocin</span> 
     </span>
     <span class='ocr_line' id='line_1_7' title="bbox 235 1227 1239 1307; baseline -0.001 -18"><span class='ocrx_word' id='word_1_50' title='bbox 235 1231 303 1290; x_wconf 94' lang='lat' dir='ltr'>loco</span> <span class='ocrx_word' id='word_1_51' title='bbox 319 1232 558 1291; x_wconf 88' lang='lat' dir='ltr'>Murbacensem.</span> <span class='ocrx_word' id='word_1_52' title='bbox 601 1229 667 1289; x_wconf 89' lang='lat' dir='ltr'>Vtri</span> <span class='ocrx_word' id='word_1_53' title='bbox 681 1229 768 1307; x_wconf 89' lang='lat' dir='ltr'>igitur</span> <span class='ocrx_word' id='word_1_54' title='bbox 782 1229 953 1289; x_wconf 90' lang='lat' dir='ltr'>credimus?</span> <span class='ocrx_word' id='word_1_55' title='bbox 983 1227 1193 1301; x_wconf 88' lang='lat' dir='ltr'>Amerbachio,</span> <span class='ocrx_word' id='word_1_56' title='bbox 1206 1239 1239 1288; x_wconf 91' lang='lat' dir='ltr'>ut</span> 
     </span>
     <span class='ocr_line' id='line_1_8' title="bbox 233 1329 1005 1413; baseline -0.001 -18"><span class='ocrx_word' id='word_1_57' title='bbox 233 1336 361 1413; x_wconf 87' lang='lat' dir='ltr'>opinor;</span> <span class='ocrx_word' id='word_1_58' title='bbox 382 1339 531 1398; x_wconf 88' lang='lat' dir='ltr'>Rhenano</span> <span class='ocrx_word' id='word_1_59' title='bbox 546 1337 643 1397; x_wconf 92' lang='lat' dir='ltr'>minor</span> <span class='ocrx_word' id='word_1_60' title='bbox 656 1339 731 1396; x_wconf 87' lang='lat' dir='ltr'><strong>fides</strong></span> <span class='ocrx_word' id='word_1_61' title='bbox 745 1337 885 1397; x_wconf 88' lang='lat' dir='ltr'>habenda</span> <span class='ocrx_word' id='word_1_62' title='bbox 899 1335 960 1396; x_wconf 89' lang='lat' dir='ltr'>erit.</span> <span class='ocrx_word' id='word_1_63' title='bbox 1001 1329 1005 1338; x_wconf 80' lang='grc'><strong>’</strong></span> 
     </span>
    </p>

    <p class='ocr_par' dir='ltr' id='par_1_4' title="bbox 235 1443 1236 1626">
     <span class='ocr_line' id='line_1_9' title="bbox 275 1443 1236 1520; baseline -0.003 -18"><span class='ocrx_word' id='word_1_64' title='bbox 275 1444 294 1515; x_wconf 85' lang='lat' dir='ltr'>i,</span> <span class='ocrx_word' id='word_1_65' title='bbox 311 1443 364 1502; x_wconf 83' lang='lat' dir='ltr'>lii.</span> <span class='ocrx_word' id='word_1_66' title='bbox 383 1461 428 1520; x_wconf 87' lang='lat'>51.</span> <span class='ocrx_word' id='word_1_67' title='bbox 449 1465 461 1502; x_wconf 95' lang='lat'>1</span> <span class='ocrx_word' id='word_1_68' title='bbox 479 1445 632 1502; x_wconf 82' lang='lat' dir='ltr'>uirebatur</span> <span class='ocrx_word' id='word_1_69' title='bbox 647 1463 789 1520; x_wconf 84' lang='lat' dir='ltr'>suprascr.</span> <span class='ocrx_word' id='word_1_70' title='bbox 803 1451 838 1502; x_wconf 88' lang='lat' dir='ltr'>ut</span> <span class='ocrx_word' id='word_1_71' title='bbox 850 1444 970 1501; x_wconf 81' lang='lat' dir='ltr'>rebatur</span> <span class='ocrx_word' id='word_1_72' title='bbox 982 1445 1017 1516; x_wconf 88' lang='lat' dir='ltr'>A,</span> <span class='ocrx_word' id='word_1_73' title='bbox 1037 1443 1191 1500; x_wconf 84' lang='lat' dir='ltr'>uirebatur</span> <span class='ocrx_word' id='word_1_74' title='bbox 1203 1443 1236 1513; x_wconf 91' lang='lat' dir='ltr'>P,</span> 
     </span>
     <span class='ocr_line' id='line_1_10' title="bbox 235 1547 1092 1626; baseline -0.002 -18"><span class='ocrx_word' id='word_1_75' title='bbox 235 1551 289 1608; x_wconf 92' lang='lat' dir='ltr'>sed</span> <span class='ocrx_word' id='word_1_76' title='bbox 308 1549 407 1609; x_wconf 89' lang='lat' dir='ltr'>‘Alias</span> <span class='ocrx_word' id='word_1_77' title='bbox 422 1560 454 1608; x_wconf 96' lang='lat' dir='ltr'>ut</span> <span class='ocrx_word' id='word_1_78' title='bbox 468 1550 603 1609; x_wconf 89' lang='lat' dir='ltr'>rebatur&#39;</span> <span class='ocrx_word' id='word_1_79' title='bbox 618 1569 707 1626; x_wconf 85' lang='lat' dir='ltr'>marg.</span> <span class='ocrx_word' id='word_1_80' title='bbox 725 1551 758 1622; x_wconf 91' lang='lat' dir='ltr'>P,</span> <span class='ocrx_word' id='word_1_81' title='bbox 775 1557 809 1606; x_wconf 81' lang='lat' dir='ltr'>ut</span> <span class='ocrx_word' id='word_1_82' title='bbox 820 1550 941 1608; x_wconf 83' lang='lat' dir='ltr'>rebatur</span> <span class='ocrx_word' id='word_1_83' title='bbox 952 1547 1092 1607; x_wconf 86' lang='lat' dir='ltr'>Velleius.</span> 
     </span>
    </p>

    <p class='ocr_par' dir='ltr' id='par_1_5' title="bbox 235 1653 1238 1820">
     <span class='ocr_line' id='line_1_11' title="bbox 275 1653 1238 1731; baseline -0.001 -18"><span class='ocrx_word' id='word_1_84' title='bbox 275 1676 304 1726; x_wconf 88' lang='lat' dir='ltr'>u,</span> <span class='ocrx_word' id='word_1_85' title='bbox 320 1656 346 1712; x_wconf 85' lang='lat' dir='ltr'>ii</span> <span class='ocrx_word' id='word_1_86' title='bbox 361 1653 389 1714; x_wconf 93' lang='lat' dir='ltr'>ii.</span> <span class='ocrx_word' id='word_1_87' title='bbox 408 1658 454 1727; x_wconf 85' lang='lat'>84.</span> <span class='ocrx_word' id='word_1_88' title='bbox 473 1675 489 1731; x_wconf 89' lang='lat'>3</span> <span class='ocrx_word' id='word_1_89' title='bbox 509 1657 670 1715; x_wconf 79' lang='lat' dir='ltr'>Con&#39;ntlrt&#39;is</span> <span class='ocrx_word' id='word_1_90' title='bbox 687 1675 829 1731; x_wconf 89' lang='lat' dir='ltr'>suprascr.</span> <span class='ocrx_word' id='word_1_91' title='bbox 851 1656 1008 1715; x_wconf 78' lang='lat' dir='ltr'>Corinthus</span> <span class='ocrx_word' id='word_1_92' title='bbox 1022 1657 1058 1727; x_wconf 90' lang='lat' dir='ltr'>A,</span> <span class='ocrx_word' id='word_1_93' title='bbox 1078 1655 1238 1714; x_wconf 57' lang='lat' dir='ltr'>Corinthus</span> 
     </span>
     <span class='ocr_line' id='line_1_12' title="bbox 235 1759 375 1820; baseline 0 -2"><span class='ocrx_word' id='word_1_94' title='bbox 235 1759 375 1820; x_wconf 89' lang='lat' dir='ltr'>Velleius.</span> 
     </span>
    </p>

    <p class='ocr_par' dir='ltr' id='par_1_6' title="bbox 232 1865 1238 2476">
     <span class='ocr_line' id='line_1_13' title="bbox 276 1865 1236 1944; baseline 0.001 -19"><span class='ocrx_word' id='word_1_95' title='bbox 276 1866 334 1927; x_wconf 90' lang='lat' dir='ltr'>His</span> <span class='ocrx_word' id='word_1_96' title='bbox 355 1868 478 1926; x_wconf 87' lang='lat' dir='ltr'>fortasse</span> <span class='ocrx_word' id='word_1_97' title='bbox 492 1869 666 1928; x_wconf 90' lang='lat' dir='ltr'>addendum</span> <span class='ocrx_word' id='word_1_98' title='bbox 684 1867 738 1927; x_wconf 91' lang='lat' dir='ltr'>erit</span> <span class='ocrx_word' id='word_1_99' title='bbox 759 1869 841 1944; x_wconf 94' lang='lat' dir='ltr'>quod</span> <span class='ocrx_word' id='word_1_100' title='bbox 855 1866 1004 1927; x_wconf 89' lang='lat' dir='ltr'>interdurn</span> <span class='ocrx_word' id='word_1_101' title='bbox 1015 1867 1047 1926; x_wconf 90' lang='lat' dir='ltr'>in</span> <span class='ocrx_word' id='word_1_102' title='bbox 1068 1871 1097 1926; x_wconf 91' lang='lat' dir='ltr'><strong>A</strong></span> <span class='ocrx_word' id='word_1_103' title='bbox 1112 1865 1236 1944; x_wconf 85' lang='lat' dir='ltr'>repperi,</span> 
     </span>
     <span class='ocr_line' id='line_1_14' title="bbox 235 1973 1237 2057; baseline -0.002 -24"><span class='ocrx_word' id='word_1_104' title='bbox 235 1981 309 2033; x_wconf 83' lang='lat' dir='ltr'>utet</span> <span class='ocrx_word' id='word_1_105' title='bbox 324 1994 377 2051; x_wconf 90' lang='lat' dir='ltr'>per</span> <span class='ocrx_word' id='word_1_106' title='bbox 395 1976 421 2050; x_wconf 67' lang='lat' dir='ltr'>d·</span> <span class='ocrx_word' id='word_1_107' title='bbox 442 1973 666 2057; x_wconf 85' lang='lat' dir='ltr'>compendiario</span> <span class='ocrx_word' id='word_1_108' title='bbox 687 1973 875 2050; x_wconf 88' lang='lat' dir='ltr'>significetur,</span> <span class='ocrx_word' id='word_1_109' title='bbox 899 1973 1017 2033; x_wconf 90' lang='lat' dir='ltr'>ueluti.</span> <span class='ocrx_word' id='word_1_110' title='bbox 1044 1994 1088 2047; x_wconf 89' lang='lat'>14.</span> <span class='ocrx_word' id='word_1_111' title='bbox 1111 1975 1237 2048; x_wconf 62' lang='lat' dir='ltr'>asdina</span> 
     </span>
     <span class='ocr_line' id='line_1_15' title="bbox 234 2079 1237 2160; baseline -0.001 -21"><span class='ocrx_word' id='word_1_112' title='bbox 234 2100 375 2157; x_wconf 86' lang='lat' dir='ltr'>suprascr.</span> <span class='ocrx_word' id='word_1_113' title='bbox 394 2082 495 2155; x_wconf 68' lang='lat' dir='ltr'>setalia,</span> <span class='ocrx_word' id='word_1_114' title='bbox 514 2080 542 2140; x_wconf 91' lang='lat' dir='ltr'>ii.</span> <span class='ocrx_word' id='word_1_115' title='bbox 565 2102 608 2140; x_wconf 89' lang='lat'>10.</span> <span class='ocrx_word' id='word_1_116' title='bbox 635 2102 649 2140; x_wconf 87' lang='lat'>2</span> <span class='ocrx_word' id='word_1_117' title='bbox 669 2083 774 2156; x_wconf 63' lang='lat' dir='ltr'>nodat</span> <span class='ocrx_word' id='word_1_118' title='bbox 788 2100 842 2157; x_wconf 93' lang='lat' dir='ltr'>pro</span> <span class='ocrx_word' id='word_1_119' title='bbox 865 2079 1013 2160; x_wconf 77' lang='lat' dir='ltr'>no(t)ertcr.</span> <span class='ocrx_word' id='word_1_120' title='bbox 1058 2081 1138 2141; x_wconf 91' lang='lat' dir='ltr'>Illud</span> <span class='ocrx_word' id='word_1_121' title='bbox 1158 2100 1237 2140; x_wconf 92' lang='lat' dir='ltr'>corn-</span> 
     </span>
     <span class='ocr_line' id='line_1_16' title="bbox 232 2185 1238 2264; baseline 0.002 -20"><span class='ocrx_word' id='word_1_122' title='bbox 232 2185 377 2262; x_wconf 91' lang='lat' dir='ltr'>pendium</span> <span class='ocrx_word' id='word_1_123' title='bbox 391 2198 465 2263; x_wconf 92' lang='lat' dir='ltr'>puto</span> <span class='ocrx_word' id='word_1_124' title='bbox 476 2186 709 2246; x_wconf 90' lang='lat' dir='ltr'>Amerbachium</span> <span class='ocrx_word' id='word_1_125' title='bbox 719 2207 754 2246; x_wconf 89' lang='lat' dir='ltr'>ex</span> <span class='ocrx_word' id='word_1_126' title='bbox 762 2186 829 2264; x_wconf 92' lang='lat' dir='ltr'>ipso</span> <span class='ocrx_word' id='word_1_127' title='bbox 845 2186 1037 2247; x_wconf 88' lang='lat' dir='ltr'>Murbacensi</span> <span class='ocrx_word' id='word_1_128' title='bbox 1058 2186 1238 2263; x_wconf 91' lang='lat' dir='ltr'>sumpsisse;</span> 
     </span>
     <span class='ocr_line' id='line_1_17' title="bbox 233 2292 1235 2370; baseline 0.001 -19"><span class='ocrx_word' id='word_1_129' title='bbox 233 2303 350 2352; x_wconf 88' lang='lat' dir='ltr'>constat</span> <span class='ocrx_word' id='word_1_130' title='bbox 371 2292 506 2352; x_wconf 88' lang='lat' dir='ltr'>enimin</span> <span class='ocrx_word' id='word_1_131' title='bbox 529 2292 737 2353; x_wconf 91' lang='lat' dir='ltr'>uetustissimis</span> <span class='ocrx_word' id='word_1_132' title='bbox 759 2292 792 2352; x_wconf 93' lang='lat' dir='ltr'>id</span> <span class='ocrx_word' id='word_1_133' title='bbox 814 2292 969 2354; x_wconf 85' lang='lat' dir='ltr'>codicibus</span> <span class='ocrx_word' id='word_1_134' title='bbox 988 2292 1235 2370; x_wconf 86' lang='lat' dir='ltr'>frequentissime,</span> 
     </span>
     <span class='ocr_line' id='line_1_18' title="bbox 233 2397 751 2476; baseline 0.004 -19"><span class='ocrx_word' id='word_1_135' title='bbox 233 2407 302 2473; x_wconf 92' lang='lat' dir='ltr'>post</span> <span class='ocrx_word' id='word_1_136' title='bbox 316 2419 391 2458; x_wconf 90' lang='lat' dir='ltr'>saec.</span> <span class='ocrx_word' id='word_1_137' title='bbox 408 2398 447 2457; x_wconf 88' lang='lat' dir='ltr'>xii</span> <span class='ocrx_word' id='word_1_138' title='bbox 461 2398 553 2458; x_wconf 90' lang='lat' dir='ltr'>rarius</span> <span class='ocrx_word' id='word_1_139' title='bbox 567 2399 724 2476; x_wconf 86' lang='lat' dir='ltr'>prouenire</span> <span class='ocrx_word' id='word_1_140' title='bbox 733 2397 751 2458; x_wconf 87' lang='lat'>¹.</span> 
     </span>
    </p>

    <p class='ocr_par' dir='ltr' id='par_1_7' title="bbox 230 2504 1238 3431">
     <span class='ocr_line' id='line_1_19' title="bbox 274 2504 1236 2582; baseline 0.002 -20"><span class='ocrx_word' id='word_1_141' title='bbox 274 2521 300 2580; x_wconf 84' lang='lat'>5.</span> <span class='ocrx_word' id='word_1_142' title='bbox 323 2504 422 2565; x_wconf 90' lang='lat' dir='ltr'>Venio</span> <span class='ocrx_word' id='word_1_143' title='bbox 432 2507 472 2565; x_wconf 89' lang='lat' dir='ltr'>ad</span> <span class='ocrx_word' id='word_1_144' title='bbox 486 2505 735 2582; x_wconf 87' lang='lat' dir='ltr'>orthographiam,</span> <span class='ocrx_word' id='word_1_145' title='bbox 746 2525 806 2582; x_wconf 89' lang='lat' dir='ltr'>qua</span> <span class='ocrx_word' id='word_1_146' title='bbox 816 2526 876 2565; x_wconf 90' lang='lat' dir='ltr'>una</span> <span class='ocrx_word' id='word_1_147' title='bbox 886 2525 918 2565; x_wconf 92' lang='lat' dir='ltr'>re</span> <span class='ocrx_word' id='word_1_148' title='bbox 929 2505 1064 2565; x_wconf 90' lang='lat' dir='ltr'>omnium</span> <span class='ocrx_word' id='word_1_149' title='bbox 1074 2504 1236 2566; x_wconf 89' lang='lat' dir='ltr'>certissime</span> 
     </span>
     <span class='ocr_line' id='line_1_20' title="bbox 233 2610 1238 2690; baseline 0.003 -21"><span class='ocrx_word' id='word_1_150' title='bbox 233 2610 452 2670; x_wconf 87' lang='lat' dir='ltr'>demonstratur</span> <span class='ocrx_word' id='word_1_151' title='bbox 468 2610 648 2688; x_wconf 81' lang='lat' dir='ltr'>praestantia</span> <span class='ocrx_word' id='word_1_152' title='bbox 664 2611 896 2672; x_wconf 87' lang='lat' dir='ltr'>Amerbachiani</span> <span class='ocrx_word' id='word_1_153' title='bbox 912 2612 1082 2690; x_wconf 88' lang='lat' dir='ltr'>apographi.</span> <span class='ocrx_word' id='word_1_154' title='bbox 1126 2616 1167 2672; x_wconf 94' lang='lat' dir='ltr'>Vt</span> <span class='ocrx_word' id='word_1_155' title='bbox 1181 2613 1238 2690; x_wconf 89' lang='lat' dir='ltr'>pri-</span> 
     </span>
     <span class='ocr_line' id='line_1_21' title="bbox 233 2717 1235 2795; baseline 0.004 -21"><span class='ocrx_word' id='word_1_156' title='bbox 233 2735 316 2776; x_wconf 90' lang='lat' dir='ltr'>mum</span> <span class='ocrx_word' id='word_1_157' title='bbox 331 2719 456 2795; x_wconf 89' lang='lat' dir='ltr'>allegem</span> <span class='ocrx_word' id='word_1_158' title='bbox 471 2719 553 2794; x_wconf 94' lang='lat' dir='ltr'>quod</span> <span class='ocrx_word' id='word_1_159' title='bbox 567 2717 761 2794; x_wconf 89' lang='lat' dir='ltr'>praecipuum</span> <span class='ocrx_word' id='word_1_160' title='bbox 775 2729 828 2791; x_wconf 90' lang='lat' dir='ltr'>est,</span> <span class='ocrx_word' id='word_1_161' title='bbox 844 2719 953 2778; x_wconf 87' lang='lat' dir='ltr'>absunt</span> <span class='ocrx_word' id='word_1_162' title='bbox 967 2718 998 2778; x_wconf 92' lang='lat' dir='ltr'>in</span> <span class='ocrx_word' id='word_1_163' title='bbox 1010 2718 1182 2778; x_wconf 88' lang='lat' dir='ltr'>uniuersum</span> <span class='ocrx_word' id='word_1_164' title='bbox 1196 2719 1235 2778; x_wconf 90' lang='lat' dir='ltr'>ab</span> 
     </span>
     <span class='ocr_line' id='line_1_22' title="bbox 233 2823 1236 2901; baseline 0.004 -21"><span class='ocrx_word' id='word_1_165' title='bbox 233 2824 261 2880; x_wconf 94' lang='lat' dir='ltr'><strong>A</strong></span> <span class='ocrx_word' id='word_1_166' title='bbox 281 2823 401 2899; x_wconf 90' lang='lat' dir='ltr'>pluralis</span> <span class='ocrx_word' id='word_1_167' title='bbox 423 2823 601 2883; x_wconf 86' lang='lat' dir='ltr'>nominatiui</span> <span class='ocrx_word' id='word_1_168' title='bbox 621 2823 842 2901; x_wconf 87' lang='lat' dir='ltr'>accusatiuique</span> <span class='ocrx_word' id='word_1_169' title='bbox 862 2824 894 2883; x_wconf 90' lang='lat' dir='ltr'>in</span> <span class='ocrx_word' id='word_1_170' title='bbox 915 2826 965 2884; x_wconf 78' lang='lat' dir='ltr'>-er‘s</span> <span class='ocrx_word' id='word_1_171' title='bbox 988 2836 1137 2896; x_wconf 75' lang='lat' dir='ltr'>exeuntes</span> <span class='ocrx_word' id='word_1_172' title='bbox 1159 2845 1236 2900; x_wconf 91' lang='lat' dir='ltr'>quae</span> 
     </span>
     <span class='ocr_line' id='line_1_23' title="bbox 231 2929 1234 3002; baseline 0.002 -15"><span class='ocrx_word' id='word_1_173' title='bbox 231 2929 335 3002; x_wconf 87' lang='lat' dir='ltr'>forma,</span> <span class='ocrx_word' id='word_1_174' title='bbox 351 2929 448 2989; x_wconf 89' lang='lat' dir='ltr'>Vellei</span> <span class='ocrx_word' id='word_1_175' title='bbox 468 2949 545 2989; x_wconf 89' lang='lat' dir='ltr'>aeuo</span> <span class='ocrx_word' id='word_1_176' title='bbox 565 2929 626 2988; x_wconf 90' lang='lat' dir='ltr'>iam</span> <span class='ocrx_word' id='word_1_177' title='bbox 646 2930 846 3002; x_wconf 90' lang='lat' dir='ltr'>obsolescens,</span> <span class='ocrx_word' id='word_1_178' title='bbox 869 2930 1015 2990; x_wconf 88' lang='lat' dir='ltr'>rarissime</span> <span class='ocrx_word' id='word_1_179' title='bbox 1035 2929 1185 2990; x_wconf 89' lang='lat' dir='ltr'>inuenitur</span> <span class='ocrx_word' id='word_1_180' title='bbox 1203 2929 1234 2989; x_wconf 90' lang='lat' dir='ltr'>in</span> 
     </span>
     <span class='ocr_line' id='line_1_24' title="bbox 232 3034 1236 3114; baseline 0.003 -21"><span class='ocrx_word' id='word_1_181' title='bbox 232 3034 387 3096; x_wconf 90' lang='lat' dir='ltr'>codicibus</span> <span class='ocrx_word' id='word_1_182' title='bbox 402 3035 454 3112; x_wconf 91' lang='lat' dir='ltr'>qui</span> <span class='ocrx_word' id='word_1_183' title='bbox 468 3038 507 3096; x_wconf 91' lang='lat' dir='ltr'>ad</span> <span class='ocrx_word' id='word_1_184' title='bbox 521 3057 577 3096; x_wconf 93' lang='lat' dir='ltr'>nos</span> <span class='ocrx_word' id='word_1_185' title='bbox 592 3036 768 3114; x_wconf 90' lang='lat' dir='ltr'>scriptorum</span> <span class='ocrx_word' id='word_1_186' title='bbox 783 3036 905 3096; x_wconf 91' lang='lat' dir='ltr'>Tiberio</span> <span class='ocrx_word' id='word_1_187' title='bbox 919 3038 967 3096; x_wconf 91' lang='lat' dir='ltr'>uel</span> <span class='ocrx_word' id='word_1_188' title='bbox 983 3040 1118 3113; x_wconf 89' lang='lat' dir='ltr'>Augusto</span> <span class='ocrx_word' id='word_1_189' title='bbox 1129 3057 1236 3114; x_wconf 90' lang='lat' dir='ltr'>aequa-</span> 
     </span>
     <span class='ocr_line' id='line_1_25' title="bbox 231 3138 1235 3218; baseline 0.005 -20"><span class='ocrx_word' id='word_1_190' title='bbox 231 3138 304 3198; x_wconf 90' lang='lat' dir='ltr'>lium</span> <span class='ocrx_word' id='word_1_191' title='bbox 319 3141 516 3218; x_wconf 90' lang='lat' dir='ltr'>antiquissimi</span> <span class='ocrx_word' id='word_1_192' title='bbox 530 3144 757 3202; x_wconf 90' lang='lat' dir='ltr'>descenderunt.</span> <span class='ocrx_word' id='word_1_193' title='bbox 794 3145 835 3202; x_wconf 92' lang='lat' dir='ltr'>At</span> <span class='ocrx_word' id='word_1_194' title='bbox 848 3141 880 3202; x_wconf 93' lang='lat' dir='ltr'>in</span> <span class='ocrx_word' id='word_1_195' title='bbox 895 3146 918 3202; x_wconf 94' lang='lat' dir='ltr'>P</span> <span class='ocrx_word' id='word_1_196' title='bbox 934 3154 1104 3203; x_wconf 89' lang='lat' dir='ltr'>constanter</span> <span class='ocrx_word' id='word_1_197' title='bbox 1118 3145 1178 3203; x_wconf 86' lang='lat' dir='ltr'>fere</span> <span class='ocrx_word' id='word_1_198' title='bbox 1192 3144 1235 3203; x_wconf 89' lang='lat' dir='ltr'>sic</span> 
     </span>
     <span class='ocr_line' id='line_1_26' title="bbox 232 3245 1234 3328; baseline 0.006 -24"><span class='ocrx_word' id='word_1_199' title='bbox 232 3245 333 3322; x_wconf 90' lang='lat' dir='ltr'>scripti</span> <span class='ocrx_word' id='word_1_200' title='bbox 348 3258 434 3306; x_wconf 88' lang='lat' dir='ltr'>sunt:</span> <span class='ocrx_word' id='word_1_201' title='bbox 456 3247 596 3307; x_wconf 87' lang='lat' dir='ltr'>uidelicet</span> <span class='ocrx_word' id='word_1_202' title='bbox 610 3247 737 3308; x_wconf 90' lang='lat' dir='ltr'>eredidit</span> <span class='ocrx_word' id='word_1_203' title='bbox 751 3268 787 3307; x_wconf 89' lang='lat' dir='ltr'>ea</span> <span class='ocrx_word' id='word_1_204' title='bbox 800 3260 881 3309; x_wconf 90' lang='lat' dir='ltr'>aetas</span> <span class='ocrx_word' id='word_1_205' title='bbox 897 3248 985 3328; x_wconf 89' lang='lat' dir='ltr'>(saec.</span> <span class='ocrx_word' id='word_1_206' title='bbox 1002 3247 1062 3327; x_wconf 84' lang='lat' dir='ltr'>xvi)</span> <span class='ocrx_word' id='word_1_207' title='bbox 1078 3248 1120 3309; x_wconf 93' lang='lat' dir='ltr'>sic</span> <span class='ocrx_word' id='word_1_208' title='bbox 1134 3249 1234 3327; x_wconf 90' lang='lat' dir='ltr'>potius</span> 
     </span>
     <span class='ocr_line' id='line_1_27' title="bbox 230 3351 1002 3431; baseline 0.003 -19"><span class='ocrx_word' id='word_1_209' title='bbox 230 3351 381 3429; x_wconf 90' lang='lat' dir='ltr'>scripsisse</span> <span class='ocrx_word' id='word_1_210' title='bbox 396 3353 448 3429; x_wconf 91' lang='lat' dir='ltr'>qui</span> <span class='ocrx_word' id='word_1_211' title='bbox 461 3353 556 3430; x_wconf 88' lang='lat' dir='ltr'>prima</span> <span class='ocrx_word' id='word_1_212' title='bbox 570 3357 705 3431; x_wconf 88' lang='lat' dir='ltr'>exempla</span> <span class='ocrx_word' id='word_1_213' title='bbox 719 3356 826 3415; x_wconf 91' lang='lat' dir='ltr'>horum</span> <span class='ocrx_word' id='word_1_214' title='bbox 841 3355 1002 3415; x_wconf 87' lang='lat' dir='ltr'>ediderant.</span> 
     </span>
    </p>

    <p class='ocr_par' dir='ltr' id='par_1_8' title="bbox 230 3439 1234 3643">
     <span class='ocr_line' id='line_1_28' title="bbox 271 3439 1234 3548; baseline 0.005 -31"><span class='ocrx_word' id='word_1_215' title='bbox 271 3458 350 3518; x_wconf 91' lang='lat' dir='ltr'>Vide</span> <span class='ocrx_word' id='word_1_216' title='bbox 371 3479 448 3536; x_wconf 87' lang='lat' dir='ltr'>quae</span> <span class='ocrx_word' id='word_1_217' title='bbox 470 3460 579 3519; x_wconf 91' lang='lat' dir='ltr'>dehac</span> <span class='ocrx_word' id='word_1_218' title='bbox 600 3480 631 3548; x_wconf 90' lang='lat' dir='ltr'>re</span> <span class='ocrx_word' id='word_1_219' title='bbox 645 3439 794 3537; x_wconf 86' lang='lat' dir='ltr'>congessit</span> <span class='ocrx_word' id='word_1_220' title='bbox 813 3464 908 3534; x_wconf 90' lang='lat' dir='ltr'>Neue,</span> <span class='ocrx_word' id='word_1_221' title='bbox 924 3460 1074 3538; x_wconf 90' lang='lat' dir='ltr'>suppleuit</span> <span class='ocrx_word' id='word_1_222' title='bbox 1088 3465 1234 3540; x_wconf 88' lang='lat' dir='ltr'>Wagener</span> 
     </span>
     <span class='ocr_line' id='line_1_29' title="bbox 230 3564 1233 3643; baseline 0.004 -18"><span class='ocrx_word' id='word_1_223' title='bbox 230 3567 431 3625; x_wconf 80' lang='lat' dir='ltr'>Formenlehre</span> <span class='ocrx_word' id='word_1_224' title='bbox 450 3564 467 3623; x_wconf 86' lang='lat' dir='ltr'>i.</span> <span class='ocrx_word' id='word_1_225' title='bbox 484 3585 533 3642; x_wconf 92' lang='lat' dir='ltr'>pp.</span> <span class='ocrx_word' id='word_1_226' title='bbox 552 3570 690 3643; x_wconf 85' lang='lat'><strong>245-258</strong></span> <span class='ocrx_word' id='word_1_227' title='bbox 706 3568 752 3627; x_wconf 87' lang='lat' dir='ltr'>ed.</span> <span class='ocrx_word' id='word_1_228' title='bbox 769 3565 878 3627; x_wconf 89' lang='lat' dir='ltr'>tertiae.</span> <span class='ocrx_word' id='word_1_229' title='bbox 924 3569 995 3628; x_wconf 94' lang='lat' dir='ltr'>Non</span> <span class='ocrx_word' id='word_1_230' title='bbox 1014 3588 1118 3628; x_wconf 90' lang='lat' dir='ltr'>uereor</span> <span class='ocrx_word' id='word_1_231' title='bbox 1134 3568 1233 3629; x_wconf 89' lang='lat' dir='ltr'>dicere</span> 
     </span>
    </p>
   </div>
   <div class='ocr_carea' id='block_1_4' title="bbox 228 3747 1230 3878">
    <p class='ocr_par' dir='ltr' id='par_1_9' title="bbox 228 3747 1230 3878">
     <span class='ocr_line' id='line_1_30' title="bbox 263 3747 1230 3814; baseline 0.004 -19"><span class='ocrx_word' id='word_1_232' title='bbox 263 3748 271 3776; x_wconf 91' lang='lat'>¹</span> <span class='ocrx_word' id='word_1_233' title='bbox 291 3747 412 3795; x_wconf 88' lang='lat' dir='ltr'>Recurrit</span> <span class='ocrx_word' id='word_1_234' title='bbox 428 3753 513 3794; x_wconf 83' lang='lat' dir='ltr'>tamen</span> <span class='ocrx_word' id='word_1_235' title='bbox 532 3748 558 3795; x_wconf 90' lang='lat' dir='ltr'>in</span> <span class='ocrx_word' id='word_1_236' title='bbox 576 3747 631 3798; x_wconf 87' lang='lat' dir='ltr'>cod.</span> <span class='ocrx_word' id='word_1_237' title='bbox 652 3747 794 3796; x_wconf 85' lang='lat' dir='ltr'>Bodleiano</span> <span class='ocrx_word' id='word_1_238' title='bbox 817 3747 882 3797; x_wconf 81' lang='lat' dir='ltr'>Stati</span> <span class='ocrx_word' id='word_1_239' title='bbox 902 3747 1030 3798; x_wconf 85' lang='lat' dir='ltr'>Siluarum</span> <span class='ocrx_word' id='word_1_240' title='bbox 1053 3749 1170 3812; x_wconf 81' lang='lat' dir='ltr'>(Barlow</span> <span class='ocrx_word' id='word_1_241' title='bbox 1186 3751 1230 3814; x_wconf 77' lang='lat'>²3)</span> 
     </span>
     <span class='ocr_line' id='line_1_31' title="bbox 228 3827 484 3878; baseline 0.004 -2"><span class='ocrx_word' id='word_1_242' title='bbox 228 3843 296 3876; x_wconf 80' lang='lat' dir='ltr'>saec.</span> <span class='ocrx_word' id='word_1_243' title='bbox 309 3844 345 3876; x_wconf 85' lang='lat' dir='ltr'>xv</span> <span class='ocrx_word' id='word_1_244' title='bbox 356 3827 484 3878; x_wconf 86' lang='lat' dir='ltr'>exeuntis.</span> 
     </span>
    </p>
   </div>
   <div class='ocr_carea' id='block_1_5' title="bbox 704 3919 749 3966">
    <p class='ocr_par' dir='ltr' id='par_1_10' title="bbox 704 3919 749 3966">
     <span class='ocr_line' id='line_1_32' title="bbox 704 3919 749 3966; baseline 0 0"><span class='ocrx_word' id='word_1_245' title='bbox 704 3919 749 3966; x_wconf 83' lang='lat' dir='ltr'>xxi</span> 
     </span>
    </p>
   </div>
   <div class='ocr_carea' id='block_1_6' title="bbox 0 0 1510 4520">
    <p class='ocr_par' dir='ltr' id='par_1_11' title="bbox 0 0 1510 4520">
     <span class='ocr_line' id='line_1_33' title="bbox 0 0 1510 4520; baseline 0 3"><span class='ocrx_word' id='word_1_246' title='bbox 0 0 1510 4520; x_wconf 95' lang='lat' dir='ltr'> </span> 
     </span>
    </p>
   </div>
  </div>
 </body>
</html>
