2996 4520
573 408 729 467 VELLEI
751 406 992 468 PATERCVLI

231 580 273 637 26
327 567 446 635 Deinde
470 576 608 635 consules
633 575 732 636 Carbo
754 574 872 634 tertium
894 585 923 635 et
946 575 980 636 C.
1008 573 1129 646 Marius,
1155 572 1285 650 septiens

286 672 416 732 consulis
440 672 526 746 filius,
552 692 647 732 annos
671 684 758 733 natus
780 691 868 746 xxvr,
893 672 939 732 uir
960 671 1052 732 animi
1076 671 1169 748 magis
1194 691 1283 748 quam

284 769 352 828 aeui
386 769 508 846 paterni,
538 771 631 829 multa
664 770 836 849 fortiterque
870 769 990 830 molitus
1025 789 1123 846 neque
1157 789 1284 846 usquam

286 866 405 927 inferior
428 866 558 928 nominis
580 867 680 941 titulis,
700 870 781 945 apud
804 867 1004 946 Sacriportum
1028 869 1131 944 pulsus
1158 885 1177 925 a
1204 867 1285 926 Sulla

284 963 349 1023 acie
364 966 530 1037 Praeneste,
545 967 628 1042 quod
642 978 712 1026 ante
725 977 830 1026 natura
848 965 996 1025 munitum
1015 963 1168 1042 praesidiis
1191 965 1312 1034 firma-5

258 1072 375 1133 2uerat‚
402 1081 433 1120 se
458 1061 678 1139 exercitumque
702 1062 835 1123 contulit.
878 1083 917 1122 ne
945 1061 1018 1140 quid
1045 1081 1172 1139 usquam
1200 1060 1285 1120 malis
1347 1129 1349 1138 χ

285 1158 412 1234 publicis
426 1161 551 1232 deesset,
568 1159 598 1219 in
613 1180 672 1237 qua
686 1159 806 1220 ciuitate
825 1179 941 1237 semper
960 1159 1117 1220 uirtutibus
1140 1169 1284 1219 certatum

285 1267 354 1328 erat,
377 1256 543 1316 certabatur
566 1257 734 1331 sceleribus,
755 1257 946 1334 optimusque
968 1256 1025 1316 sibi
1048 1256 1212 1328 uidebatur,
1233 1255 1284 1334 qui

284 1354 377 1412 fuerat
404 1353 558 1430 pessimus.
602 1354 713 1432 quippe
735 1357 807 1415 dum
831 1356 871 1415 ad
895 1354 1095 1431 Sacriportum
1117 1353 1283 1426 dimicatur,

285 1451 485 1527 Damasippus
499 1461 616 1528 praetor
628 1451 794 1512 Domitium
809 1499 815 1512 .
832 1499 839 1512 .
856 1498 873 1525 .,
890 1454 1064 1512 Scaeuolam
1079 1451 1177 1525 etiam,
1189 1450 1284 1528 ponti-
1300 1475 1330 1509 ιο

284 1549 371 1608 licem
394 1547 556 1609 maximum
577 1560 607 1609 et
629 1549 723 1609 diuini
746 1549 929 1626 humanique
949 1549 1019 1610 iuris
1039 1559 1191 1610 auctorem
1211 1550 1285 1609 cele-

284 1645 453 1719 berrimum,
470 1656 499 1706 et
519 1647 552 1708 C.
570 1647 741 1708 Carbonem
759 1646 947 1723 praetorium,
963 1646 1093 1707 consulis
1112 1648 1239 1718 fratrem,
1254 1657 1284 1705 et

200 1811 202 1816 ,
284 1743 447 1803 Antistium
461 1743 631 1804 aedilicium
650 1745 732 1805 uelut
750 1744 877 1804 fauentis
897 1746 996 1805 Sullae
1012 1743 1144 1820 partibus
1159 1743 1189 1802 in
1204 1742 1285 1802 curia

256 1840 417 1905 sHostilia
438 1841 603 1901 trucidauit.
647 1863 708 1902 non
731 1845 835 1919 perdat
860 1841 1036 1902 nobilissimi
1064 1841 1133 1901 facti
1160 1840 1282 1918 gloriam

285 1937 454 2015 Calpurnia,
484 1939 600 2000 Bestiae
628 1939 695 2013 lilia,
725 1959 797 2000 uxor
825 1939 943 2012 Antisti,
973 1959 1050 2017 quae
1080 1939 1220 2016 iugulato,
1250 1949 1283 1996 ut
1298 1960 1327 2010 ¹5

284 2034 491 2111 praediximus,
507 2035 572 2096 uiro
590 2035 689 2112 gladio
709 2056 741 2096 se
759 2036 824 2113 ipsa
842 2036 991 2096 transfixit.
1036 2047 1180 2114 quantum
1195 2035 1283 2095 huius

284 2131 393 2209 gloriae
407 2133 563 2210 famaeque
577 2133 701 2194 accessit
715 2154 796 2193 nunc
813 2133 921 2195 uirtute
939 2134 1085 2194 feminae!
1107 2155 1155 2194 nec
1166 2133 1284 2211 propria

283 2231 362 2289 latet.

231 2337 270 2396 27
325 2329 366 2386 At
381 2326 505 2386 Pontius
519 2326 684 2400 Telesinus,
700 2328 761 2388 dux
778 2327 964 2402 Samnitium,
980 2329 1025 2388 uir
1043 2329 1135 2388 animi
1154 2329 1284 2406 bellique

284 2423 459 2484 fortissimus
481 2424 660 2503 penitusque
683 2429 822 2486 Romano
844 2426 958 2486 nomini
979 2426 1193 2500 infestissimus,
1216 2446 1285 2487 con·
1300 2451 1329 2484 ιο

285 2521 383 2580 tractis
403 2520 517 2582 circiter
533 2540 575 2580 XL
596 2525 712 2582 mt'lt'bus
729 2522 905 2584 fortissimae
923 2523 1233 2601 pertinacissimaeque
1252 2523 1282 2583 in

319 2710 330 2743 1
350 2688 410 2744 Cbs.
424 2694 449 2741 A
462 2711 468 2742 r
485 2695 581 2745 COSS.
594 2694 620 2742 P
682 2697 711 2747 C.
723 2696 819 2746 Marius
831 2698 946 2759 septiens
959 2697 1019 2756 (·ies
1030 2696 1065 2760 P)
1078 2697 1181 2747 CONS.
1195 2696 1282 2760 (COS.
1383 2750 1385 2759 ,

284 2759 318 2822 P)
327 2760 382 2808 ΑΡ
445 2776 460 2821 3
478 2762 535 2809 aeui
548 2760 602 2808 ΑΡ
614 2762 716 2826 ‘quippe
726 2763 771 2824 qui
780 2763 918 2824 adulescens
928 2763 1087 2825 interemptus
1097 2767 1196 2826 patrem
1208 2768 1284 2810 aetate

285 2843 334 2874 nou
347 2825 498 2888 aequauerit'
516 2826 613 2875 Ms'lkau
621 2836 647 2890 p.
660 2843 691 2890 95
706 2834 730 2876 et
741 2829 776 2875 sic
788 2829 841 2876 iam
853 2829 964 2877 Laurent
979 2833 1002 2875 et
1017 2827 1117 2876 Scn'eur
1125 2837 1152 2891 p.
1165 2841 1215 2890 45:
1239 2828 1282 2875 fati

284 2891 420 2941 Heinsius:
448 2892 535 2952 ingeni
548 2893 639 2942 Orelli:
662 2894 743 2954 magis
755 2894 826 2942 saeui
839 2909 915 2955 quam
927 2910 950 2956 p.
963 2894 1075 2954 Bemays
1150 2894 1283 2954 4nomine

284 2957 349 3006 stilis
358 2957 384 3004 A
396 2963 424 3006 ut
439 2959 503 3005 mihi
513 2958 597 3005 uisum
613 2964 664 3007 est:
682 2959 745 3007 st'lls
759 2965 787 3007 nt
799 2960 910 3007 Fechtero
920 2977 926 3008 :
938 2959 1001 3007 sulis
1016 2964 1044 3006 ut
1056 2959 1159 3008 Orells'o:
1178 2959 1283 3006 nomine

285 3022 444 3072 consulisP:
462 3024 565 3071 nomine
578 3039 633 3074 suo,
649 3025 674 3072 ls
685 3025 773 3073 Orelli:
791 3025 900 3072 nominis
913 3024 992 3074 titulis
1000 3024 1086 3086 scn'psi
1177 3038 1192 3085 5
1210 3024 1283 3086 ante]

284 3095 339 3136 arte
357 3097 383 3137 et
398 3088 491 3152 Haase,
507 3094 530 3136 et
545 3089 579 3136 sic
592 3090 692 3151 Bentley
708 3091 735 3139 in
750 3091 784 3140 ed
802 3090 890 3140 Heius.
997 3093 1013 3138 6
1030 3105 1141 3150 unquam
1158 3089 1217 3150 ΑΡ,
1236 3107 1283 3140 em.
1351 3113 1354 3122 Α

283 3152 413 3202 Puteanus
527 3155 665 3215 7publicis
692 3155 719 3202 P
737 3161 760 3203 et
781 3156 807 3202 A
832 3157 859 3204 in
883 3171 931 3218 quo
953 3155 1021 3218 quod
1042 3155 1140 3216 publice
1166 3157 1283 3219 scriptum

285 3219 385 3266 tradidit
403 3219 485 3281 Orelli,
504 3219 613 3282 deeeptus
628 3227 663 3268 est
679 3221 835 3284 compendio:
858 3222 893 3269 sic
902 3221 1043 3282 adsumptis
1061 3236 1100 3282 32.
1118 3237 1134 3282 4
1253 3238 1284 3270 10

285 3283 425 3332 Domitium
448 3285 616 3350 consularem,
642 3287 791 3335 Scaevolam
818 3286 931 3334 Mucium
956 3287 1016 3349 (om.
1044 3287 1131 3350 etiam)
1159 3285 1284 3334 Ruhnken
1349 3297 1351 3304 ’

285 3351 316 3396 16
333 3351 388 3411 ipsa
405 3350 450 3398 A:
468 3351 549 3412 ipsam
566 3351 592 3398 P
696 3368 725 3414 17
743 3353 832 3400 munile
848 3353 973 3413 famaeque
989 3353 1015 3398 A
1036 3352 1089 3414 (sic)
1173 3351 1284 3400 feminae
1344 3351 1347 3412 ζ

284 3430 332 3462 nec
356 3415 461 3477 propria
483 3417 592 3464 Thomas
615 3417 686 3466 ualde
701 3419 872 3481 probabiliter:
900 3418 996 3466 eminet
1014 3418 1096 3479 patria
1114 3416 1182 3466 AP:
1215 3433 1283 3465 nunc
1346 3452 1349 3460 ,

285 3481 379 3529 uirtute
392 3482 501 3530 feminae
513 3483 615 3544 propria
627 3491 697 3545 patet
708 3483 801 3547 Haupt
886 3496 917 3546 19
934 3485 1011 3531 animi
1023 3482 1091 3530 AP:
1111 3483 1188 3530 ‘aleas
1200 3483 1283 3531 domi'
1348 3517 1351 3530 .

284 3547 423 3595 Rhenanus
433 3564 439 3595 t
455 3548 534 3595 animi
543 3548 682 3598 acerrimus
690 3549 800 3599 Sen'uer:
815 3549 893 3598 animi
902 3549 1053 3598 fortissimus
1062 3547 1173 3609 bellique
1185 3549 1283 3609 peritus
1349 3600 1352 3610 ,

283 3610 378 3661 Haase.
417 3613 470 3660 Sed
494 3615 597 3675 penitus
619 3619 654 3662 est
678 3615 783 3663 ‘intima
805 3613 905 3663 mente’
928 3620 957 3662 ut
977 3614 1081 3662 ostendit
1104 3613 1132 3662 G.
1155 3613 1191 3663 A.
1214 3614 1283 3662 Koch
1351 3611 1352 3616 ’

285 3676 394 3737 Quaestt.
418 3677 475 3726 Vell.
490 3686 516 3740 p.
539 3693 566 3725 11
664 3697 697 3730 ao
713 3696 821 3728 romano
837 3698 868 3729 ex
884 3695 1046 3729 romanorum
1063 3679 1088 3725 A
1189 3695 1219 3726 21
1239 3695 1279 3729 xa.
1346 3700 1350 3722 τ

284 3741 325 3793 A:
345 3742 386 3792 ff.
400 3742 440 3793 P:
456 3743 604 3808 &Lipsius

765 3908 799 3957 ⁴4
