3024 4568
501 470 846 532 COMMENTARIVS
868 470 1065 530 CRITICVS

320 641 395 705 1164
414 639 509 692 Nerua
527 636 646 692 Silianus
666 638 697 692 P.
711 636 770 692 Silii
789 637 860 692 filius
879 655 961 708 quem
980 637 1070 692 uirum
1088 654 1123 690 ne
1141 637 1188 707 qui
1205 635 1282 690 intel·

285 725 350 778 lexit
368 723 480 795 quidem
497 724 608 778 abunde
628 723 743 778 miratus
760 734 802 779 est
821 742 866 778 me
887 725 908 794 (t
922 723 977 793 ine)
998 724 1066 778 nihil
1085 741 1141 777 non
1160 721 1281 793 optimoi

287 811 347 880 (stc)
362 812 430 865 ciuis
444 801 648 882 simplicissimo
662 811 723 865 duci
738 811 855 880 perisset
868 812 1026 880 praeferens
1039 811 1078 866 A.

321 915 357 952 ne
375 898 442 951 nihil
463 898 568 966 optimo
590 897 650 964 ciui,
671 897 871 967 simplicissimo
892 897 956 951 duci
976 897 1103 968 perisset,
1122 897 1282 967 praeferens

286 988 320 1051 P,
332 986 383 1039 sed
392 987 488 1039 Burer
498 986 648 1039 adnotauit
660 987 667 1013 ‘
677 1003 718 1040 erc
732 996 784 1040 uet.
798 986 891 1053 habet,
904 1003 939 1040 ne
951 985 1018 1039 nihil
1031 1003 1087 1039 non
1100 985 1205 1055 optimo
1221 983 1281 1050 ciui,

286 1071 488 1142 simplicissimo
501 1072 563 1126 duci
576 1071 708 1142 perisset!
979 1081 980 1088 ’

323 1161 355 1212 ln
370 1159 550 1212 Murbacensi
567 1159 650 1213 fuisse
668 1176 703 1211 ne
721 1159 765 1212 uel
783 1175 829 1212 ene
847 1167 912 1212 ante
931 1158 1012 1222 nebit,
1026 1168 1090 1228 post
1108 1158 1186 1212 neiil
1198 1157 1281 1211 fuisse

285 1263 350 1313 nau,
375 1263 409 1299 ex
432 1246 597 1300 testimoniis
622 1245 773 1300 coniunctis
802 1246 897 1300 Bureri
926 1255 954 1300 et
978 1245 1157 1299 Amerbachii
1187 1256 1282 1300 contra

287 1333 454 1386 Rhenanam
467 1332 608 1388 euincitur.
635 1335 695 1386 Hos
706 1332 787 1400 igitur
800 1343 917 1400 secutus,
928 1332 1036 1386 reiectis
1046 1349 1117 1402 quae
1129 1334 1282 1386 Rhenanus

285 1419 379 1485 edidit,
393 1421 484 1474 locum
502 1419 542 1474 sic
561 1421 674 1488 retingo,
687 1423 718 1473 in
736 1419 789 1488 e(o)
811 1421 887 1474 m'tu‘l
903 1437 959 1472 uon
975 1423 1078 1490 optimo
1094 1421 1282 1490 ciui,simpli-

284 1509 392 1560 cauma
404 1507 470 1560 duci
482 1506 645 1577 (su)peresse
654 1507 823 1578 praeferens.
852 1507 905 1561 llla
914 1524 948 1560 ue
960 1509 1012 1575 qui
1021 1508 1161 1560 intellexit
1171 1508 1282 1576 quartem

285 1594 394 1647 abunde
405 1596 527 1647 miratus
538 1600 579 1646 est
590 1595 625 1647 de
638 1593 771 1662 scriptore
784 1593 906 1662 quodam
919 1610 975 1646 non
991 1593 1135 1647 nominato
1148 1593 1283 1663 interpre-

285 1691 336 1748 tor,
356 1681 402 1752 qui
421 1681 515 1736 Siliani
534 1698 625 1734 mores
650 1690 677 1735 et
699 1681 851 1735 admiratus
875 1691 936 1735 erat
960 1690 987 1735 et
1010 1681 1112 1751 scripto
1133 1680 1225 1750 aliquo
1244 1680 1282 1736 sic

285 1768 464 1835 collaudant,
478 1778 507 1821 ut
519 1768 695 1837 profiteretur
707 1767 734 1820 in
751 1785 785 1821 eo
798 1767 864 1822 nihil
881 1785 937 1820 non
950 1784 1095 1836 superesse
1108 1767 1166 1821 siue
1179 1766 1283 1836 optimo

285 1854 345 1921 ciui,
359 1855 417 1908 siue
434 1854 497 1908 duci
514 1853 724 1923 simplicissimo.
754 1857 894 1922 superesse
906 1853 945 1908 sic
957 1863 1120 1922 usurpatum
1137 1863 1180 1907 est
1196 1866 1253 1922 125.
1267 1865 1280 1920 5

284 1944 315 1994 in
339 1958 449 1994 summa
469 1945 538 2010 pace
561 1946 588 1993 et
610 1943 701 2009 quiete
725 1943 871 2007 continuit,
895 1958 957 1994 cum
976 1943 1004 1993 ei
1014 1943 1109 2009 pietas
1130 1942 1283 1994 rectessima

285 2030 424 2082 sentiendi
430 2036 457 2081 et
466 2031 620 2082 aucteritas
631 2045 702 2098 quae
711 2030 844 2082 sentiebat
855 2029 997 2082 obtinendi
1004 2033 1165 2097 superesset.
1197 2029 1283 2081 Vtro·

285 2134 338 2185 que
351 2117 411 2169 loco
424 2117 495 2172 esti.
508 2133 533 2186 q.
546 2117 657 2170 abunde
676 2126 822 2185 suppetere
840 2125 868 2170 et
887 2117 959 2170 ultra
977 2133 1061 2186 quam
1079 2133 1123 2170 res
1142 2116 1283 2185 poscebat.

286 2205 454 2274 Praeferens
473 2213 540 2272 puto
563 2220 624 2257 esse
643 2203 659 2256 i.
672 2220 699 2272 q.
724 2193 889 2272 praedicans
909 2205 953 2257 uel
975 2203 1136 2270 adfirmans,
1159 2213 1189 2256 ut
1208 2203 1283 2272 apud

286 2293 457 2345 Frontonem
477 2308 503 2359 p.
517 2304 550 2356 72
571 2291 668 2344 Naber
680 2291 812 2360 praefers
829 2292 999 2344 Faustinam
1019 2291 1052 2344 id
1065 2291 1118 2344 tibi
1134 2308 1190 2344 esse
1209 2291 1287 2359 quod

285 2381 373 2432 lucem
397 2395 530 2445 serenam,
552 2378 630 2446 quod
652 2378 725 2431 diem
743 2379 860 2448 festum,
884 2379 962 2447 quod
982 2383 1057 2447 spem
1082 2381 1282 2448 propinquam,

285 2467 362 2536 quod
382 2472 479 2519 uatum
503 2469 692 2534 impetratum.
730 2465 873 2533 ‘Silianus,
898 2484 916 2520 a
940 2483 1005 2520 man
1030 2468 1121 2519 whom
1147 2484 1215 2520 even
1240 2465 1283 2518 his

286 2565 359 2608 most
381 2553 531 2622 intelligent
554 2553 674 2607 admirer
694 2553 742 2606 did
764 2564 812 2606 not
835 2553 925 2623 praise
949 2554 1124 2623 adequately,
1147 2556 1226 2606 when
1248 2553 1283 2606 he

285 2641 411 2696 asserted
423 2643 484 2696 that
497 2642 532 2695 he
552 2641 700 2710 possessed
720 2641 746 2694 in
763 2659 840 2695 more
851 2643 921 2695 than
934 2641 1069 2695 sufficient
1082 2641 1183 2710 degree
1200 2657 1283 2709 every

285 2730 398 2800 quality,
423 2731 547 2784 whether
577 2747 608 2782 as
633 2747 670 2783 an
693 2731 825 2784 excellent
850 2729 944 2783 citizen
969 2747 1003 2783 or
1025 2747 1043 2782 a
1067 2727 1282 2798 single-heaned

285 2817 413 2886 general?

323 2905 406 2973 Quod
419 2903 441 2957 si
454 2901 516 2972 quis
528 2912 610 2970 neget
623 2905 654 2954 tn
666 2919 696 2954 eo
708 2902 753 2955 uix
765 2903 815 2956 sub
829 2904 875 2954 tue
886 2903 930 2955 uel
943 2919 986 2954 me
997 2902 1083 2955 latere
1096 2918 1187 2970 posse,
1201 2900 1284 2969 idque

285 2990 364 3044 aliter
376 2989 525 3058 explicarit,
539 2990 594 3042 hoc
606 2988 717 3057 quidem
731 3005 787 3041 non
800 3005 910 3042 morose
927 2988 1129 3054 concesserim3
1150 2987 1284 3057 reliquam

286 3087 393 3147 partem
405 3075 606 3131 emendationis
619 3092 675 3128 non
688 3075 785 3130 abicio.

321 3167 367 3219 118
381 3178 396 3217 2
415 3161 667 3232 frequentissimum
680 3161 786 3215 initium
800 3178 861 3216 esse
875 3161 1040 3216 calamitatis
1054 3161 1215 3234 securitatis.
1228 3161 1266 3214 A.

322 3249 497 3305 securitatem
510 3251 543 3304 P.

322 3338 435 3392 Vtinam
463 3336 508 3391 hic
531 3353 612 3390 suum
641 3334 830 3389 testimonium
860 3337 947 3389 Burer
971 3334 1135 3389 adiecisset:
1167 3351 1233 3388 nam
1257 3335 1284 3388 in

286 3423 510 3479 Amerbachiano
527 3422 689 3492 apographo
708 3421 801 3474 omnia
819 3421 923 3476 incerta
941 3431 1013 3476 sunt.
1033 3422 1090 3476 Sed
1103 3438 1173 3491 quae
1191 3437 1244 3488 ego
1257 3429 1285 3474 et

287 3514 319 3566 F.
334 3512 442 3566 Madan
455 3510 482 3564 in
495 3527 529 3564 eo
538 3509 687 3578 indagasse
698 3508 749 3562 uisi
761 3525 863 3574 sumus,
874 3519 968 3562 tamen
977 3511 1098 3578 eloquar.
1131 3508 1287 3578 Scripserat

287 3602 352 3653 Am.
361 3600 527 3664 securitatis,
536 3613 601 3650 mox
610 3598 648 3649 ·is
658 3594 778 3660 inducto,
786 3597 975 3650 securitateis:
989 3595 1089 3650 deinde
1097 3594 1167 3648 haec
1175 3593 1286 3661 deleuit,

288 3685 479 3757 suprascripsit
500 3686 657 3738 securitatis
684 3699 718 3738 x.
756 3685 904 3753 Nusquam
925 3681 1053 3753 equidem
1074 3699 1163 3752 neque
1185 3682 1213 3735 in
1228 3683 1285 3735 ullo

287 3773 403 3842 uestigio
415 3782 543 3841 poteram
560 3771 654 3825 uidere
672 3773 855 3825 securitatem.
893 3770 1052 3824 Haesitarat
1064 3772 1127 3824 Am.
1141 3780 1284 3840 tamquam

287 3863 315 3916 in
328 3861 460 3931 perplexa
473 3878 502 3914 re
513 3869 541 3913 et
553 3858 738 3913 inenodabili:
759 3857 844 3911 nihilo
857 3858 949 3912 minus
959 3858 1034 3928 quod
1046 3857 1167 3927 primum
1178 3857 1285 3911 uiderat

767 3959 811 4020 184
