2996 4520
600 459 729 518 LIBER
750 460 784 519 II

199 605 309 685 (neque
331 607 465 666 hercules
479 605 643 684 quidquam
662 605 794 683 partibus
808 605 864 667 illis
885 607 1029 669 salubrius
1044 605 1120 687 suit),
1135 605 1194 680 alii,

199 715 231 764 ut
254 705 365 764 bellurn
387 706 522 777 traheret,
537 706 620 782 quod
642 704 814 781 dignatione
835 705 962 782 partium
985 705 1016 766 in
1038 705 1102 766 dies
1123 704 1194 782 ipsis

194 801 291 879 magis
305 821 478 879 prosperum
493 803 583 875 fieret,
595 822 666 862 usus
680 801 793 879 impetu
808 823 862 863 suo
876 805 993 863 hostem
1008 814 1126 864 secutus
1141 813 1192 862 est.

198 898 292 959 aciem
308 899 506 960 Pharsalicam
521 910 550 959 et
568 899 652 958 illum
670 899 908 960 cruentissimum
926 903 1066 961 Romano
1080 899 1223 968 nominis

171 1017 183 1064 5
198 995 278 1056 diem
293 1007 469 1074 tantumque
487 995 639 1074 utriusque
657 996 801 1057 exercitus
819 999 972 1074 profusum
995 997 1145 1076 sanguinis
1166 1008 1196 1057 et
1223 1037 1226 1052 .

199 1093 301 1154 collisa
317 1093 392 1153 inter
411 1113 443 1154 se
457 1095 518 1154 duo
532 1093 573 1154 rei
587 1093 725 1170 publicae
739 1093 836 1171 capita
854 1096 1054 1172 effossumque
1070 1096 1195 1155 alterum

200 1191 331 1252 Romani
348 1190 453 1268 imperi
467 1193 577 1265 lumen,
592 1203 636 1252 tot
655 1191 791 1285 talisque·
802 1191 1049 1269 Pompeianarum
1068 1191 1195 1270 partium

199 1308 302 1350 caesos
324 1288 402 1348 uiros
425 1309 486 1348 non
509 1287 612 1366 recipit
634 1290 798 1349 enarranda
820 1288 870 1350 hic
894 1289 1054 1366 scripturae
1078 1290 1193 1350 modus

198 1385 272 1446 illud
287 1387 453 1446 notandum
472 1398 534 1446 est:
555 1397 587 1446 ut
601 1385 730 1463 primum
749 1388 783 1448 C.
801 1388 909 1448 Caesar
928 1385 1098 1446 inclinatam
1121 1385 1225 1455 uidit4

155 1503 186 1536 10
200 1483 449 1560 Pompeianorum
460 1482 563 1556 aciem,
573 1503 671 1561 neque
679 1483 759 1560 prius
768 1503 867 1562 neque
874 1482 1023 1561 antiquius
1032 1482 1196 1560 quidquam

199 1579 312 1653 habuit,
341 1601 431 1658 quam
459 1588 494 1639 ut
518 1580 676 1640 incolumis
706 1580 804 1658 partis,
834 1591 866 1640 ut
894 1579 1011 1639 militari
1038 1580 1131 1640 uerbo
1161 1599 1197 1638 ex

200 1679 416 1739 consuetudine
439 1690 511 1752 utar,
535 1678 703 1739 dimitteret.
754 1699 808 1756 pro
836 1678 879 1739 dii
905 1677 1084 1752 inmortales,
1114 1679 1224 1756 quod5

200 1777 287 1838 huius
310 1777 470 1838 uoluntatis
492 1797 561 1854 erga
583 1781 707 1837 Brutum
732 1797 803 1837 suae
826 1788 930 1854 postea
957 1776 1002 1836 uir
1028 1788 1090 1836 tam
1118 1776 1197 1837 mitis

200 1874 326 1952 pretium
341 1875 424 1935 tulit!
445 1874 519 1934 nihil
533 1876 564 1934 in
576 1873 625 1933 illa
635 1873 759 1934 uictoria
770 1873 938 1948 mirabilius,
952 1874 1195 1951 magnificentius,
1210 1883 1225 1934 6

157 1992 185 2042 15
201 1973 306 2034 clarius
328 1973 391 2047 ruit,
415 1994 505 2051 quam
528 1974 610 2050 quod
632 1972 783 2032 neminem
811 1973 868 2033 nisi
894 1972 958 2033 acie
986 1984 1196 2050 consumptum

200 2070 297 2131 ciuem
311 2070 405 2148 patria
418 2069 615 2131 desiderauit:
637 2071 691 2130 sed
709 2090 817 2129 munus
837 2068 1054 2130 misericordiae
1068 2070 1197 2147 corrupit

199 2170 367 2249 pertinacia,
383 2190 452 2230 curn
467 2169 606 2230 libentius
621 2168 713 2229 uitam
732 2169 900 2230 uictoriam
914 2171 1005 2244 daret,
1021 2189 1111 2248 quam
1126 2169 1197 2230 uicti

199 2271 263 2332 acci
284 2281 373 2331 erent.

240 2292 400 2447 Piimpeius
421 2370 591 2448 profugiens
611 2389 681 2430 cum
702 2371 821 2431 duobus
843 2369 976 2431 Lentulis
993 2369 1197 2430 consularibus
1210 2385 1251 2445 53

157 2486 187 2519 20
202 2469 350 2545 Sextoque
364 2467 425 2528 filio
440 2480 470 2528 et
485 2467 619 2527 Fauonio
633 2467 788 2544 praetorio,
805 2487 880 2544 quos
900 2467 1023 2527 comites
1038 2467 1066 2528 ei
1080 2470 1198 2527 fortuna

199 2568 416 2644 adgregauerat,
438 2565 511 2638 aliis,
537 2576 569 2624 ut
597 2566 730 2638 Parthos,
755 2564 828 2638 aliis,
857 2575 890 2624 ut
916 2563 1048 2623 Africam
1074 2575 1196 2641 peteret,

236 2738 247 2771 1
267 2722 334 2770 illius
344 2722 479 2770 Burmann
557 2736 573 2768 a
590 2721 658 2782 quod
666 2718 806 2781 dignationi
815 2720 925 2781 partium
938 2717 1047 2779 (partem
1056 2717 1091 2780 B)
1102 2719 1129 2767 in
1141 2719 1197 2767 dies

200 2789 238 2850 (in
250 2790 293 2837 die
304 2789 339 2848 Β)
352 2789 422 2849 ipsus
435 2789 504 2851 (corr.
522 2802 552 2834 ex
566 2787 630 2848 ipsis
640 2786 676 2847 A,
690 2785 753 2846 ipsis
764 2785 796 2844 P,
814 2785 886 2846 ipsiis
898 2784 933 2847 B)
945 2785 1027 2844 magis
1044 2799 1197 2846 prosperum

201 2855 275 2903 fieret
286 2853 377 2903 ABP:
404 2857 461 2916 ‘ego
477 2851 607 2915 legendum
625 2852 673 2913 ipsi
686 2856 757 2913 puto,
776 2855 804 2897 ut
819 2849 854 2898 ad
867 2849 956 2911 Pomp.
973 2848 1102 2911 refimtur'
1117 2851 1200 2898 Burcr

201 2921 277 2982 uulgo
292 2919 368 2966 edunt
383 2934 406 2980 q.
427 2918 574 2978 dignatione
592 2918 700 2978 partium
718 2917 744 2963 in
762 2916 817 2963 dies
835 2915 897 2976 ipsis
914 2929 945 2961 m.
963 2929 1001 2975 pr.
1015 2915 1096 2964 fieret.
1132 2915 1196 2964 Sm'·

200 2984 306 3032 bendum
321 2985 430 3046 stapam
443 2983 573 3045 ipsiusque
591 2984 631 3030 uel
652 2983 759 3044 ipsique,
781 2981 835 3028 deun
850 2988 897 3044 pro
916 2980 989 3027 fieret
1007 2980 1036 3027 id
1052 2980 1120 3042 quod
1136 2982 1196 3030 conr'.

202 3049 305 3099 Cludius
316 3049 383 3097 foret
464 3064 480 3108 4
498 3049 615 3096 Romano
626 3049 666 3096 P:
684 3047 794 3095 Romani
805 3046 856 3093 BA
869 3063 875 3094 ι
893 3043 1002 3092 Romani
1015 3045 1125 3094 nominis
1135 3047 1194 3094 coni.

199 3116 282 3163 Bumr
383 3113 512 3162 6conlisa
536 3114 663 3162 Gelenius:
692 3113 798 3162 consilio
819 3109 874 3157 ΑΡ
977 3110 1122 3172 ΊὶαΙεεῳιε
1145 3110 1199 3158 ΑΡ

197 3183 214 3228 8
233 3180 331 3242 recepit
341 3195 375 3227 au
387 3181 477 3241 recipit
488 3179 513 3226 A
527 3179 610 3227 dubito
666 3179 810 3228 enarranda
821 3175 861 3226 P:
879 3177 1036 3224 enarrandae
1047 3175 1083 3236 A,
1088 3177 1197 3237 sonasse

199 3252 255 3295 recte
355 3261 382 3292 11
402 3251 430 3292 ut
446 3245 502 3292 adel.
522 3245 634 3294 Gelenius
699 3245 834 3292 incolumis
850 3243 930 3304 partis
941 3242 1027 3304 scripsi
1037 3259 1043 3290 :
1062 3241 1088 3288 in
1105 3257 1195 3291 omnes

200 3310 324 3375 (·neisP)
345 3317 432 3372 partes
449 3309 509 3372 ΑΡ,
528 3326 576 3372 quo
594 3316 691 3358 umato
706 3310 780 3358 Kn'ta
798 3308 919 3370 suppleuit
935 3323 966 3354 ex
979 3306 1047 3356 Suet.
1068 3307 1135 3357 Caes.
1155 3320 1194 3368 75,

197 3377 265 3439 App.
285 3377 310 3424 ii.
328 3378 369 3439 80,
388 3377 455 3425 Flor.
471 3375 503 3423 iv.
516 3392 538 3424 a.
555 3389 588 3436 50
610 3377 653 3437 qui
673 3375 860 3436 proclamarent
882 3379 910 3421 ut
928 3372 1031 3421 ciuibus
1047 3381 1196 3434 parceretur

198 3442 334 3491 uerboA:
352 3440 507 3490 etuerboP
569 3441 732 3504 exLipss'us:
750 3448 776 3490 et
787 3438 841 3486 ΑΡ
939 3452 969 3484 12
983 3443 1040 3498 post
1055 3439 1194 3488 dimitteret

197 3508 256 3559 add.
267 3510 449 3556 caduceatores
465 3507 579 3554 Wilhelm
630 3505 735 3555 ProhA
796 3506 864 3554 imm.
876 3502 931 3551 ΑΡ
987 3518 1016 3564 13
1033 3519 1096 3552 suae
1106 3503 1191 3554 om‚A

197 3580 256 3635 post
267 3590 323 3622 eam
333 3572 391 3634 ΑΡ,
400 3589 446 3623 em.
458 3572 596 3620 Rhenanus
650 3586 679 3633 14
691 3572 805 3633 precium
814 3571 839 3616 A
886 3571 912 3616 in
925 3569 968 3617 illa
979 3605 985 3618 .
1001 3606 1007 3618 .
1020 3605 1025 3616 .
1039 3585 1113 3630 quarn
1124 3571 1193 3631 quod

196 3639 299 3689 Haase:
324 3638 384 3687 illa.
399 3677 405 3689 .
420 3639 541 3700 .quando
557 3637 612 3684 ΑΡ
710 3639 739 3684 16
756 3636 894 3697 corrumpit
910 3632 970 3694 ΑΡ,
988 3650 1033 3684 em.
1055 3635 1194 3683 Rhenanus

199 3735 228 3781 17
245 3719 382 3783 pertinatia
392 3719 418 3766 A
516 3718 568 3766 uita
581 3719 650 3782 (uum
664 3719 690 3766 in
702 3719 790 3779 uitam)
804 3717 912 3766 uictoria
921 3709 996 3766 daret
1008 3719 1070 3766 dare
1080 3717 1106 3764 A
1121 3716 1192 3780 (supr

196 3787 328 3835 uictoriam
340 3787 402 3834 dare
413 3784 453 3835 P:
471 3785 549 3833 uitam
560 3785 642 3834 uictor
653 3784 702 3833 iam
716 3785 791 3834 daret
802 3784 884 3832 Bum

678 3940 705 3994 71
