<?xml version="1.0" encoding="UTF-8"?>
<!DOCTYPE html PUBLIC "-//W3C//DTD XHTML 1.0 Transitional//EN"
    "http://www.w3.org/TR/xhtml1/DTD/xhtml1-transitional.dtd">
<html xmlns="http://www.w3.org/1999/xhtml" xml:lang="en" lang="en">
 <head>
  <title>
</title>
<meta http-equiv="Content-Type" content="text/html;charset=utf-8" />
  <meta name='ocr-system' content='tesseract 3.04.00' />
  <meta name='ocr-capabilities' content='ocr_page ocr_carea ocr_par ocr_line ocrx_word'/>
</head>
<body>
  <div class='ocr_page' id='page_1' title='image "./velleipaterculi00elligoog_0020.png"; bbox 0 0 3010 4520; ppageno 0'>
   <div class='ocr_carea' id='block_1_1' title="bbox 555 429 880 490">
    <p class='ocr_par' dir='ltr' id='par_1_1' title="bbox 555 429 880 490">
     <span class='ocr_line' id='line_1_1' title="bbox 555 429 880 490; baseline 0.006 -2"><span class='ocrx_word' id='word_1_1' title='bbox 555 429 880 490; x_wconf 89' lang='lat' dir='ltr'><strong>PROLEGOMENA</strong></span> 
     </span>
    </p>
   </div>
   <div class='ocr_carea' id='block_1_2' title="bbox 127 597 1229 3756">
    <p class='ocr_par' dir='ltr' id='par_1_2' title="bbox 203 597 1229 1947">
     <span class='ocr_line' id='line_1_2' title="bbox 217 597 1216 676; baseline 0.009 -22"><span class='ocrx_word' id='word_1_2' title='bbox 217 616 298 669; x_wconf 92' lang='lat' dir='ltr'>num,</span> <span class='ocrx_word' id='word_1_3' title='bbox 314 606 347 656; x_wconf 93' lang='lat' dir='ltr'>ut</span> <span class='ocrx_word' id='word_1_4' title='bbox 361 607 500 674; x_wconf 85' lang='lat' dir='ltr'><strong>appareat</strong></span> <span class='ocrx_word' id='word_1_5' title='bbox 521 618 590 658; x_wconf 91' lang='lat' dir='ltr'>eum</span> <span class='ocrx_word' id='word_1_6' title='bbox 605 598 635 658; x_wconf 91' lang='lat' dir='ltr'>in</span> <span class='ocrx_word' id='word_1_7' title='bbox 657 599 855 660; x_wconf 91' lang='lat' dir='ltr'>describendo</span> <span class='ocrx_word' id='word_1_8' title='bbox 870 597 1041 676; x_wconf 87' lang='lat' dir='ltr'>saepissime</span> <span class='ocrx_word' id='word_1_9' title='bbox 1055 597 1216 664; x_wconf 82' lang='lat' dir='ltr'>haesitasse</span> 
     </span>
     <span class='ocr_line' id='line_1_3' title="bbox 216 702 1215 784; baseline 0.002 -22"><span class='ocrx_word' id='word_1_10' title='bbox 216 702 360 778; x_wconf 86' lang='lat' dir='ltr'>quidnam</span> <span class='ocrx_word' id='word_1_11' title='bbox 373 703 561 781; x_wconf 90' lang='lat' dir='ltr'>potissimum</span> <span class='ocrx_word' id='word_1_12' title='bbox 576 705 713 784; x_wconf 80' lang='lat' dir='ltr'>eligeret,¹</span> <span class='ocrx_word' id='word_1_13' title='bbox 734 706 873 767; x_wconf 90' lang='lat' dir='ltr'>nimirum</span> <span class='ocrx_word' id='word_1_14' title='bbox 885 706 1020 766; x_wconf 88' lang='lat' dir='ltr'>codicem</span> <span class='ocrx_word' id='word_1_15' title='bbox 1032 705 1215 766; x_wconf 87' lang='lat' dir='ltr'>exscribebat</span> 
     </span>
     <span class='ocr_line' id='line_1_4' title="bbox 214 810 1217 890; baseline 0.002 -22"><span class='ocrx_word' id='word_1_16' title='bbox 214 810 292 869; x_wconf 89' lang='lat' dir='ltr'>adeo</span> <span class='ocrx_word' id='word_1_17' title='bbox 313 829 375 869; x_wconf 92' lang='lat' dir='ltr'>non</span> <span class='ocrx_word' id='word_1_18' title='bbox 389 812 512 887; x_wconf 87' lang='lat' dir='ltr'>planum</span> <span class='ocrx_word' id='word_1_19' title='bbox 529 823 561 872; x_wconf 89' lang='lat' dir='ltr'>ut</span> <span class='ocrx_word' id='word_1_20' title='bbox 581 814 662 872; x_wconf 90' lang='lat' dir='ltr'>nulla</span> <span class='ocrx_word' id='word_1_21' title='bbox 683 812 714 872; x_wconf 94' lang='lat' dir='ltr'>in</span> <span class='ocrx_word' id='word_1_22' title='bbox 736 812 844 890; x_wconf 89' lang='lat' dir='ltr'>pagina</span> <span class='ocrx_word' id='word_1_23' title='bbox 862 832 924 872; x_wconf 92' lang='lat' dir='ltr'>non</span> <span class='ocrx_word' id='word_1_24' title='bbox 941 813 1114 884; x_wconf 86' lang='lat' dir='ltr'>offensurus,</span> <span class='ocrx_word' id='word_1_25' title='bbox 1135 812 1217 872; x_wconf 90' lang='lat' dir='ltr'>nulla</span> 
     </span>
     <span class='ocr_line' id='line_1_5' title="bbox 215 916 1216 995; baseline 0.004 -23"><span class='ocrx_word' id='word_1_26' title='bbox 215 934 276 973; x_wconf 90' lang='lat' dir='ltr'>non</span> <span class='ocrx_word' id='word_1_27' title='bbox 298 916 493 977; x_wconf 89' lang='lat' dir='ltr'>haesitaturus</span> <span class='ocrx_word' id='word_1_28' title='bbox 515 929 600 991; x_wconf 88' lang='lat' dir='ltr'>esset,</span> <span class='ocrx_word' id='word_1_29' title='bbox 616 938 693 995; x_wconf 90' lang='lat' dir='ltr'>quae</span> <span class='ocrx_word' id='word_1_30' title='bbox 714 917 853 979; x_wconf 90' lang='lat' dir='ltr'>condicio</span> <span class='ocrx_word' id='word_1_31' title='bbox 868 929 912 978; x_wconf 92' lang='lat' dir='ltr'>est</span> <span class='ocrx_word' id='word_1_32' title='bbox 926 938 988 978; x_wconf 93' lang='lat' dir='ltr'>non</span> <span class='ocrx_word' id='word_1_33' title='bbox 1002 916 1176 994; x_wconf 89' lang='lat' dir='ltr'>exemplaris</span> <span class='ocrx_word' id='word_1_34' title='bbox 1197 937 1216 976; x_wconf 90' lang='lat' dir='ltr'>a</span> 
     </span>
     <span class='ocr_line' id='line_1_6' title="bbox 214 1020 1213 1101; baseline 0.003 -22"><span class='ocrx_word' id='word_1_35' title='bbox 214 1020 310 1081; x_wconf 89' lang='lat' dir='ltr'>scriba</span> <span class='ocrx_word' id='word_1_36' title='bbox 323 1022 393 1082; x_wconf 86' lang='lat' dir='ltr'>facti</span> <span class='ocrx_word' id='word_1_37' title='bbox 412 1023 583 1097; x_wconf 86' lang='lat' dir='ltr'>recentiore,</span> <span class='ocrx_word' id='word_1_38' title='bbox 600 1025 653 1084; x_wconf 92' lang='lat' dir='ltr'>sed</span> <span class='ocrx_word' id='word_1_39' title='bbox 672 1024 782 1085; x_wconf 89' lang='lat' dir='ltr'>uetusti</span> <span class='ocrx_word' id='word_1_40' title='bbox 801 1023 922 1097; x_wconf 93' lang='lat' dir='ltr'>codicis,</span> <span class='ocrx_word' id='word_1_41' title='bbox 938 1023 1044 1101; x_wconf 93' lang='lat' dir='ltr'>inquo</span> <span class='ocrx_word' id='word_1_42' title='bbox 1065 1025 1213 1100; x_wconf 89' lang='lat' dir='ltr'>quaedam</span> 
     </span>
     <span class='ocr_line' id='line_1_7' title="bbox 214 1117 1229 1207; baseline 0.003 -22"><span class='ocrx_word' id='word_1_43' title='bbox 214 1128 335 1188; x_wconf 91' lang='lat' dir='ltr'>madore</span> <span class='ocrx_word' id='word_1_44' title='bbox 363 1141 508 1206; x_wconf 88' lang='lat' dir='ltr'>corrupta,</span> <span class='ocrx_word' id='word_1_45' title='bbox 538 1132 685 1206; x_wconf 88' lang='lat' dir='ltr'>quaedam</span> <span class='ocrx_word' id='word_1_46' title='bbox 713 1151 789 1190; x_wconf 88' lang='lat' dir='ltr'>aeuo</span> <span class='ocrx_word' id='word_1_47' title='bbox 822 1130 957 1204; x_wconf 89' lang='lat' dir='ltr'>euanida,</span> <span class='ocrx_word' id='word_1_48' title='bbox 987 1131 1134 1207; x_wconf 84' lang='lat' dir='ltr'>quaedam</span> <span class='ocrx_word' id='word_1_49' title='bbox 1162 1117 1229 1206; x_wconf 73' lang='lat' dir='ltr'>per&#39;</span> 
     </span>
     <span class='ocr_line' id='line_1_8' title="bbox 212 1231 1212 1313; baseline 0.002 -22"><span class='ocrx_word' id='word_1_50' title='bbox 212 1231 359 1294; x_wconf 85' lang='lat' dir='ltr'>inscitiam</span> <span class='ocrx_word' id='word_1_51' title='bbox 374 1235 518 1295; x_wconf 91' lang='lat' dir='ltr'>sermonis</span> <span class='ocrx_word' id='word_1_52' title='bbox 534 1235 632 1295; x_wconf 89' lang='lat' dir='ltr'>Latini</span> <span class='ocrx_word' id='word_1_53' title='bbox 646 1236 762 1296; x_wconf 90' lang='lat' dir='ltr'>turbata</span> <span class='ocrx_word' id='word_1_54' title='bbox 775 1255 811 1296; x_wconf 90' lang='lat' dir='ltr'>ac</span> <span class='ocrx_word' id='word_1_55' title='bbox 825 1237 986 1313; x_wconf 88' lang='lat' dir='ltr'>deprauata</span> <span class='ocrx_word' id='word_1_56' title='bbox 996 1233 1212 1295; x_wconf 89' lang='lat' dir='ltr'>descenderint.</span> 
     </span>
     <span class='ocr_line' id='line_1_9' title="bbox 212 1339 1214 1420; baseline 0.001 -22"><span class='ocrx_word' id='word_1_57' title='bbox 212 1339 294 1400; x_wconf 89' lang='lat' dir='ltr'>Talis</span> <span class='ocrx_word' id='word_1_58' title='bbox 309 1341 500 1400; x_wconf 89' lang='lat' dir='ltr'>Amerbachii</span> <span class='ocrx_word' id='word_1_59' title='bbox 514 1341 669 1402; x_wconf 90' lang='lat' dir='ltr'>haesitatio</span> <span class='ocrx_word' id='word_1_60' title='bbox 686 1353 784 1418; x_wconf 89' lang='lat' dir='ltr'>potest</span> <span class='ocrx_word' id='word_1_61' title='bbox 799 1362 834 1403; x_wconf 91' lang='lat' dir='ltr'>ea</span> <span class='ocrx_word' id='word_1_62' title='bbox 853 1341 975 1420; x_wconf 91' lang='lat' dir='ltr'>quidem</span> <span class='ocrx_word' id='word_1_63' title='bbox 994 1339 1214 1401; x_wconf 89' lang='lat' dir='ltr'>adulescentiae</span> 
     </span>
     <span class='ocr_line' id='line_1_10' title="bbox 213 1443 1214 1528; baseline 0.002 -24"><span class='ocrx_word' id='word_1_64' title='bbox 213 1443 287 1524; x_wconf 85' lang='lat' dir='ltr'>(erat</span> <span class='ocrx_word' id='word_1_65' title='bbox 307 1466 454 1506; x_wconf 92' lang='lat' dir='ltr'>annorum</span> <span class='ocrx_word' id='word_1_66' title='bbox 475 1458 591 1507; x_wconf 90' lang='lat' dir='ltr'>tantum</span> <span class='ocrx_word' id='word_1_67' title='bbox 608 1446 658 1528; x_wconf 85' lang='lat'>21)</span> <span class='ocrx_word' id='word_1_68' title='bbox 673 1447 812 1524; x_wconf 90' lang='lat' dir='ltr'>imputari</span> <span class='ocrx_word' id='word_1_69' title='bbox 821 1469 830 1521; x_wconf 78' lang='lat'><em>3</em></span> <span class='ocrx_word' id='word_1_70' title='bbox 853 1447 950 1524; x_wconf 88' lang='lat' dir='ltr'>potuit</span> <span class='ocrx_word' id='word_1_71' title='bbox 970 1458 1071 1507; x_wconf 89' lang='lat' dir='ltr'>tamen</span> <span class='ocrx_word' id='word_1_72' title='bbox 1093 1466 1128 1506; x_wconf 88' lang='lat' dir='ltr'>ex</span> <span class='ocrx_word' id='word_1_73' title='bbox 1149 1445 1214 1523; x_wconf 89' lang='lat' dir='ltr'>ipsa</span> 
     </span>
     <span class='ocr_line' id='line_1_11' title="bbox 213 1550 1213 1630; baseline 0.002 -21"><span class='ocrx_word' id='word_1_74' title='bbox 213 1550 365 1627; x_wconf 86' lang='lat' dir='ltr'>diligentia</span> <span class='ocrx_word' id='word_1_75' title='bbox 385 1552 542 1628; x_wconf 88' lang='lat' dir='ltr'>prouenire</span> <span class='ocrx_word' id='word_1_76' title='bbox 563 1573 623 1630; x_wconf 91' lang='lat' dir='ltr'>qua</span> <span class='ocrx_word' id='word_1_77' title='bbox 647 1553 783 1613; x_wconf 91' lang='lat' dir='ltr'>codicem</span> <span class='ocrx_word' id='word_1_78' title='bbox 808 1552 1004 1624; x_wconf 89' lang='lat' dir='ltr'>describebat,</span> <span class='ocrx_word' id='word_1_79' title='bbox 1028 1571 1097 1611; x_wconf 91' lang='lat' dir='ltr'>curn</span> <span class='ocrx_word' id='word_1_80' title='bbox 1120 1553 1213 1611; x_wconf 93' lang='lat' dir='ltr'>nollet</span> 
     </span>
     <span class='ocr_line' id='line_1_12' title="bbox 212 1656 1214 1735; baseline 0.001 -19"><span class='ocrx_word' id='word_1_81' title='bbox 212 1657 250 1716; x_wconf 92' lang='lat' dir='ltr'>de</span> <span class='ocrx_word' id='word_1_82' title='bbox 266 1656 364 1716; x_wconf 90' lang='lat' dir='ltr'>dubiis</span> <span class='ocrx_word' id='word_1_83' title='bbox 386 1668 499 1717; x_wconf 89' lang='lat' dir='ltr'>certum</span> <span class='ocrx_word' id='word_1_84' title='bbox 519 1677 550 1718; x_wconf 89' lang='lat' dir='ltr'>se</span> <span class='ocrx_word' id='word_1_85' title='bbox 569 1658 707 1735; x_wconf 91' lang='lat' dir='ltr'>profiteri,</span> <span class='ocrx_word' id='word_1_86' title='bbox 724 1668 923 1734; x_wconf 89' lang='lat' dir='ltr'>statueretque</span> <span class='ocrx_word' id='word_1_87' title='bbox 944 1678 1005 1717; x_wconf 91' lang='lat' dir='ltr'>non</span> <span class='ocrx_word' id='word_1_88' title='bbox 1027 1668 1087 1716; x_wconf 90' lang='lat' dir='ltr'>tam</span> <span class='ocrx_word' id='word_1_89' title='bbox 1103 1676 1214 1717; x_wconf 92' lang='lat' dir='ltr'>correc-</span> 
     </span>
     <span class='ocr_line' id='line_1_13' title="bbox 203 1761 1211 1841; baseline 0.002 -21"><span class='ocrx_word' id='word_1_90' title='bbox 203 1761 283 1822; x_wconf 91' lang='lat' dir='ltr'>-toris</span> <span class='ocrx_word' id='word_1_91' title='bbox 297 1761 380 1839; x_wconf 86' lang='lat' dir='ltr'>fungi</span> <span class='ocrx_word' id='word_1_92' title='bbox 394 1763 493 1823; x_wconf 91' lang='lat' dir='ltr'>officio</span> <span class='ocrx_word' id='word_1_93' title='bbox 507 1784 597 1840; x_wconf 88' lang='lat' dir='ltr'>quarn</span> <span class='ocrx_word' id='word_1_94' title='bbox 612 1763 778 1840; x_wconf 87' lang='lat' dir='ltr'>interpretis</span> <span class='ocrx_word' id='word_1_95' title='bbox 793 1762 844 1841; x_wconf 95' lang='lat' dir='ltr'>qui</span> <span class='ocrx_word' id='word_1_96' title='bbox 859 1784 935 1841; x_wconf 90' lang='lat' dir='ltr'>quae</span> <span class='ocrx_word' id='word_1_97' title='bbox 949 1763 980 1822; x_wconf 91' lang='lat' dir='ltr'>in</span> <span class='ocrx_word' id='word_1_98' title='bbox 1000 1762 1105 1823; x_wconf 88' lang='lat' dir='ltr'>codice</span> <span class='ocrx_word' id='word_1_99' title='bbox 1119 1773 1211 1836; x_wconf 88' lang='lat' dir='ltr'>erant,</span> 
     </span>
     <span class='ocr_line' id='line_1_14' title="bbox 212 1867 943 1947; baseline 0.001 -19"><span class='ocrx_word' id='word_1_100' title='bbox 212 1867 312 1928; x_wconf 92' lang='lat' dir='ltr'>omnia</span> <span class='ocrx_word' id='word_1_101' title='bbox 327 1868 452 1929; x_wconf 89' lang='lat' dir='ltr'>fideliter</span> <span class='ocrx_word' id='word_1_102' title='bbox 466 1880 495 1930; x_wconf 93' lang='lat' dir='ltr'>et</span> <span class='ocrx_word' id='word_1_103' title='bbox 509 1869 692 1947; x_wconf 88' lang='lat' dir='ltr'>pensiculate</span> <span class='ocrx_word' id='word_1_104' title='bbox 706 1880 943 1947; x_wconf 88' lang='lat' dir='ltr'>repraesentaret.</span> 
     </span>
    </p>

    <p class='ocr_par' dir='ltr' id='par_1_3' title="bbox 127 1975 1213 3756">
     <span class='ocr_line' id='line_1_15' title="bbox 252 1975 1213 2054; baseline 0.002 -20"><span class='ocrx_word' id='word_1_105' title='bbox 252 1978 366 2052; x_wconf 88' lang='lat' dir='ltr'>Itaque,</span> <span class='ocrx_word' id='word_1_106' title='bbox 396 1986 429 2036; x_wconf 91' lang='lat' dir='ltr'>ut</span> <span class='ocrx_word' id='word_1_107' title='bbox 456 1997 627 2054; x_wconf 82' lang='lat' dir='ltr'>expromam</span> <span class='ocrx_word' id='word_1_108' title='bbox 655 1978 738 2054; x_wconf 94' lang='lat' dir='ltr'>quod</span> <span class='ocrx_word' id='word_1_109' title='bbox 766 1975 870 2050; x_wconf 91' lang='lat' dir='ltr'>senti0,</span> <span class='ocrx_word' id='word_1_110' title='bbox 899 1997 961 2036; x_wconf 93' lang='lat' dir='ltr'>non</span> <span class='ocrx_word' id='word_1_111' title='bbox 992 1977 1082 2037; x_wconf 92' lang='lat' dir='ltr'>credo</span> <span class='ocrx_word' id='word_1_112' title='bbox 1110 1978 1213 2036; x_wconf 90' lang='lat' dir='ltr'>Amer-</span> 
     </span>
     <span class='ocr_line' id='line_1_16' title="bbox 210 2081 1211 2162; baseline 0.002 -22"><span class='ocrx_word' id='word_1_113' title='bbox 210 2081 391 2142; x_wconf 89' lang='lat' dir='ltr'>bachianum</span> <span class='ocrx_word' id='word_1_114' title='bbox 415 2085 607 2161; x_wconf 86' lang='lat' dir='ltr'>apographon</span> <span class='ocrx_word' id='word_1_115' title='bbox 633 2086 716 2162; x_wconf 92' lang='lat' dir='ltr'>quod</span> <span class='ocrx_word' id='word_1_116' title='bbox 739 2103 819 2143; x_wconf 90' lang='lat' dir='ltr'>nunc</span> <span class='ocrx_word' id='word_1_117' title='bbox 842 2094 920 2143; x_wconf 88' lang='lat' dir='ltr'>extat</span> <span class='ocrx_word' id='word_1_118' title='bbox 944 2082 976 2143; x_wconf 92' lang='lat' dir='ltr'>id</span> <span class='ocrx_word' id='word_1_119' title='bbox 1000 2102 1065 2142; x_wconf 88' lang='lat' dir='ltr'>esse</span> <span class='ocrx_word' id='word_1_120' title='bbox 1086 2083 1125 2142; x_wconf 90' lang='lat' dir='ltr'>de</span> <span class='ocrx_word' id='word_1_121' title='bbox 1150 2101 1211 2159; x_wconf 93' lang='lat' dir='ltr'>quo</span> 
     </span>
     <span class='ocr_line' id='line_1_17' title="bbox 211 2187 1211 2268; baseline 0.002 -21"><span class='ocrx_word' id='word_1_122' title='bbox 211 2189 375 2250; x_wconf 89' lang='lat' dir='ltr'>Rhenanus</span> <span class='ocrx_word' id='word_1_123' title='bbox 397 2200 550 2267; x_wconf 91' lang='lat' dir='ltr'>tamquam</span> <span class='ocrx_word' id='word_1_124' title='bbox 573 2195 779 2268; x_wconf 90' lang='lat' dir='ltr'>‘properanter</span> <span class='ocrx_word' id='word_1_125' title='bbox 800 2201 890 2267; x_wconf 89' lang='lat' dir='ltr'>atque</span> <span class='ocrx_word' id='word_1_126' title='bbox 911 2188 1081 2249; x_wconf 88' lang='lat' dir='ltr'>infeliciter&#39;</span> <span class='ocrx_word' id='word_1_127' title='bbox 1100 2187 1211 2265; x_wconf 91' lang='lat' dir='ltr'>scripto</span> 
     </span>
     <span class='ocr_line' id='line_1_18' title="bbox 127 2293 1212 2372; baseline 0.001 -20"><span class='ocrx_word' id='word_1_128' title='bbox 127 2312 129 2317; x_wconf 91' lang='lat'>·</span> <span class='ocrx_word' id='word_1_129' title='bbox 209 2293 339 2371; x_wconf 91' lang='lat' dir='ltr'>iniquius</span> <span class='ocrx_word' id='word_1_130' title='bbox 354 2295 497 2355; x_wconf 91' lang='lat' dir='ltr'>iudicium</span> <span class='ocrx_word' id='word_1_131' title='bbox 509 2296 613 2357; x_wconf 90' lang='lat' dir='ltr'>tulerit.</span> <span class='ocrx_word' id='word_1_132' title='bbox 645 2296 749 2372; x_wconf 81' lang='lat' dir='ltr'>Quid?</span> <span class='ocrx_word' id='word_1_133' title='bbox 771 2317 832 2356; x_wconf 92' lang='lat' dir='ltr'>non</span> <span class='ocrx_word' id='word_1_134' title='bbox 841 2307 871 2356; x_wconf 95' lang='lat' dir='ltr'>et</span> <span class='ocrx_word' id='word_1_135' title='bbox 881 2295 931 2355; x_wconf 91' lang='lat' dir='ltr'>alii</span> <span class='ocrx_word' id='word_1_136' title='bbox 945 2304 1028 2355; x_wconf 93' lang='lat' dir='ltr'>erant</span> <span class='ocrx_word' id='word_1_137' title='bbox 1038 2293 1147 2371; x_wconf 90' lang='lat' dir='ltr'>quibus</span> <span class='ocrx_word' id='word_1_138' title='bbox 1162 2296 1212 2354; x_wconf 90' lang='lat' dir='ltr'>de-</span> 
     </span>
     <span class='ocr_line' id='line_1_19' title="bbox 210 2399 1210 2478; baseline 0 -18"><span class='ocrx_word' id='word_1_139' title='bbox 210 2399 400 2460; x_wconf 89' lang='lat' dir='ltr'>scribendum</span> <span class='ocrx_word' id='word_1_140' title='bbox 413 2402 643 2462; x_wconf 89' lang='lat' dir='ltr'>Murbacensem</span> <span class='ocrx_word' id='word_1_141' title='bbox 656 2404 821 2462; x_wconf 91' lang='lat' dir='ltr'>Rhenanus</span> <span class='ocrx_word' id='word_1_142' title='bbox 836 2403 1006 2478; x_wconf 83' lang='lat' dir='ltr'>delegaret?</span> <span class='ocrx_word' id='word_1_143' title='bbox 1042 2400 1146 2460; x_wconf 91' lang='lat' dir='ltr'>Multis</span> <span class='ocrx_word' id='word_1_144' title='bbox 1160 2399 1210 2460; x_wconf 93' lang='lat' dir='ltr'>ille</span> 
     </span>
     <span class='ocr_line' id='line_1_20' title="bbox 209 2505 1210 2584; baseline 0.001 -19"><span class='ocrx_word' id='word_1_145' title='bbox 209 2506 353 2583; x_wconf 89' lang='lat' dir='ltr'>cognitus,</span> <span class='ocrx_word' id='word_1_146' title='bbox 367 2506 466 2566; x_wconf 91' lang='lat' dir='ltr'>multis</span> <span class='ocrx_word' id='word_1_147' title='bbox 477 2506 629 2584; x_wconf 93' lang='lat' dir='ltr'>discipulis</span> <span class='ocrx_word' id='word_1_148' title='bbox 641 2508 785 2567; x_wconf 89' lang='lat' dir='ltr'>utebatur.</span> <span class='ocrx_word' id='word_1_149' title='bbox 820 2509 885 2567; x_wconf 92' lang='lat' dir='ltr'>Nec</span> <span class='ocrx_word' id='word_1_150' title='bbox 896 2506 921 2567; x_wconf 92' lang='lat' dir='ltr'>si</span> <span class='ocrx_word' id='word_1_151' title='bbox 932 2505 1081 2583; x_wconf 91' lang='lat' dir='ltr'>conspirat</span> <span class='ocrx_word' id='word_1_152' title='bbox 1092 2517 1210 2583; x_wconf 91' lang='lat' dir='ltr'>tempus</span> 
     </span>
     <span class='ocr_line' id='line_1_21' title="bbox 208 2609 1209 2694; baseline -0.001 -23"><span class='ocrx_word' id='word_1_153' title='bbox 208 2632 269 2688; x_wconf 93' lang='lat' dir='ltr'>quo</span> <span class='ocrx_word' id='word_1_154' title='bbox 284 2612 500 2673; x_wconf 89' lang='lat' dir='ltr'>Amerbachius</span> <span class='ocrx_word' id='word_1_155' title='bbox 521 2615 713 2690; x_wconf 87' lang='lat' dir='ltr'>apographon</span> <span class='ocrx_word' id='word_1_156' title='bbox 735 2612 864 2673; x_wconf 87' lang='lat' dir='ltr'>confecit</span> <span class='ocrx_word' id='word_1_157' title='bbox 879 2611 986 2694; x_wconf 86' lang='lat' dir='ltr'>(aestas</span> <span class='ocrx_word' id='word_1_158' title='bbox 1005 2611 1060 2670; x_wconf 86' lang='lat' dir='ltr'>fuit</span> <span class='ocrx_word' id='word_1_159' title='bbox 1074 2632 1099 2671; x_wconf 86' lang='lat' dir='ltr'>a.</span> <span class='ocrx_word' id='word_1_160' title='bbox 1120 2609 1209 2689; x_wconf 84' lang='lat'>1516)</span> 
     </span>
     <span class='ocr_line' id='line_1_22' title="bbox 208 2717 1208 2795; baseline -0.001 -18"><span class='ocrx_word' id='word_1_161' title='bbox 208 2738 277 2778; x_wconf 90' lang='lat' dir='ltr'>cum</span> <span class='ocrx_word' id='word_1_162' title='bbox 292 2718 390 2778; x_wconf 86' lang='lat' dir='ltr'>uerbis</span> <span class='ocrx_word' id='word_1_163' title='bbox 412 2719 552 2778; x_wconf 90' lang='lat' dir='ltr'>Rhenani</span> <span class='ocrx_word' id='word_1_164' title='bbox 566 2719 597 2778; x_wconf 94' lang='lat' dir='ltr'>in</span> <span class='ocrx_word' id='word_1_165' title='bbox 619 2719 804 2779; x_wconf 87' lang='lat' dir='ltr'>Praefatione</span> <span class='ocrx_word' id='word_1_166' title='bbox 818 2720 857 2779; x_wconf 93' lang='lat' dir='ltr'>ad</span> <span class='ocrx_word' id='word_1_167' title='bbox 878 2717 1023 2780; x_wconf 86' lang='lat' dir='ltr'>Saxoniae</span> <span class='ocrx_word' id='word_1_168' title='bbox 1044 2717 1208 2795; x_wconf 89' lang='lat' dir='ltr'>principem</span> 
     </span>
     <span class='ocr_line' id='line_1_23' title="bbox 208 2826 1208 2905; baseline -0.003 -19"><span class='ocrx_word' id='word_1_169' title='bbox 208 2826 391 2886; x_wconf 88' lang='lat' dir='ltr'>Fridericum</span> <span class='ocrx_word' id='word_1_170' title='bbox 410 2827 525 2905; x_wconf 91' lang='lat' dir='ltr'>scriptis</span> <span class='ocrx_word' id='word_1_171' title='bbox 542 2839 625 2888; x_wconf 90' lang='lat' dir='ltr'>sexto</span> <span class='ocrx_word' id='word_1_172' title='bbox 645 2830 718 2888; x_wconf 90' lang='lat' dir='ltr'>Idus</span> <span class='ocrx_word' id='word_1_173' title='bbox 738 2827 914 2888; x_wconf 89' lang='lat' dir='ltr'>Decembris</span> <span class='ocrx_word' id='word_1_174' title='bbox 928 2847 953 2886; x_wconf 90' lang='lat' dir='ltr'>a.</span> <span class='ocrx_word' id='word_1_175' title='bbox 973 2845 1049 2904; x_wconf 85' lang='lat'>1520</span> <span class='ocrx_word' id='word_1_176' title='bbox 1063 2827 1208 2902; x_wconf 83' lang='lat' dir='ltr'>Equidem</span> 
     </span>
     <span class='ocr_line' id='line_1_24' title="bbox 207 2933 1209 3011; baseline -0.003 -19"><span class='ocrx_word' id='word_1_177' title='bbox 207 2935 311 2994; x_wconf 79' lang='lat' dir='ltr'>allum</span> <span class='ocrx_word' id='word_1_178' title='bbox 330 2954 422 2993; x_wconf 78' lang='lat' dir='ltr'>aanor</span> <span class='ocrx_word' id='word_1_179' title='bbox 442 2943 478 2993; x_wconf 92' lang='lat' dir='ltr'>ut</span> <span class='ocrx_word' id='word_1_180' title='bbox 488 2943 563 3011; x_wconf 85' lang='lat' dir='ltr'>puto</span> <span class='ocrx_word' id='word_1_181' title='bbox 579 2937 703 3011; x_wconf 84' lang='lat' dir='ltr'>quiaque</span> <span class='ocrx_word' id='word_1_182' title='bbox 716 2955 779 2993; x_wconf 87' lang='lat' dir='ltr'>cum</span> <span class='ocrx_word' id='word_1_183' title='bbox 792 2935 928 3011; x_wconf 86' lang='lat' dir='ltr'>primum</span> <span class='ocrx_word' id='word_1_184' title='bbox 945 2935 1021 2992; x_wconf 85' lang='lat' dir='ltr'>ltunc</span> <span class='ocrx_word' id='word_1_185' title='bbox 1037 2934 1069 2991; x_wconf 89' lang='lat' dir='ltr'>in</span> <span class='ocrx_word' id='word_1_186' title='bbox 1083 2933 1209 2991; x_wconf 85' lang='lat' dir='ltr'>Murba-</span> 
     </span>
     <span class='ocr_line' id='line_1_25' title="bbox 207 3040 1210 3117; baseline -0.001 -20"><span class='ocrx_word' id='word_1_187' title='bbox 207 3042 283 3098; x_wconf 87' lang='lat' dir='ltr'>ceusi</span> <span class='ocrx_word' id='word_1_188' title='bbox 293 3042 455 3099; x_wconf 73' lang='lat' dir='ltr'>bibliotheca</span> <span class='ocrx_word' id='word_1_189' title='bbox 471 3042 641 3117; x_wconf 69' lang='lat' dir='ltr'>rqoen&#39;ssem,</span> <span class='ocrx_word' id='word_1_190' title='bbox 656 3049 686 3099; x_wconf 87' lang='lat' dir='ltr'>et</span> <span class='ocrx_word' id='word_1_191' title='bbox 697 3043 822 3099; x_wconf 81' lang='lat' dir='ltr'>uiderem</span> <span class='ocrx_word' id='word_1_192' title='bbox 840 3049 900 3099; x_wconf 88' lang='lat' dir='ltr'>tam</span> <span class='ocrx_word' id='word_1_193' title='bbox 912 3040 1076 3116; x_wconf 73' lang='lat' dir='ltr'>prodigiose</span> <span class='ocrx_word' id='word_1_194' title='bbox 1094 3049 1210 3116; x_wconf 84' lang='lat' dir='ltr'>corrup-</span> 
     </span>
     <span class='ocr_line' id='line_1_26' title="bbox 207 3146 1211 3223; baseline -0.001 -20"><span class='ocrx_word' id='word_1_195' title='bbox 207 3153 269 3203; x_wconf 87' lang='lat' dir='ltr'>tum</span> <span class='ocrx_word' id='word_1_196' title='bbox 284 3154 319 3204; x_wconf 87' lang='lat' dir='ltr'>ut</span> <span class='ocrx_word' id='word_1_197' title='bbox 329 3148 427 3206; x_wconf 84' lang='lat' dir='ltr'>omnia</span> <span class='ocrx_word' id='word_1_198' title='bbox 441 3149 588 3206; x_wconf 81' lang='lat' dir='ltr'>restituere</span> <span class='ocrx_word' id='word_1_199' title='bbox 603 3167 659 3206; x_wconf 87' lang='grc'>111111</span> <span class='ocrx_word' id='word_1_200' title='bbox 664 3147 748 3222; x_wconf 86' lang='lat' dir='ltr'>foret</span> <span class='ocrx_word' id='word_1_201' title='bbox 758 3147 884 3204; x_wconf 82' lang='lat' dir='ltr'>humani</span> <span class='ocrx_word' id='word_1_202' title='bbox 896 3146 1010 3223; x_wconf 86' lang='lat' dir='ltr'>ingenii,</span> <span class='ocrx_word' id='word_1_203' title='bbox 1014 3153 1211 3222; x_wconf 80' lang='lat' dir='ltr'>properanter</span> 
     </span>
     <span class='ocr_line' id='line_1_27' title="bbox 207 3252 1208 3330; baseline 0 -20"><span class='ocrx_word' id='word_1_204' title='bbox 207 3272 241 3310; x_wconf 89' lang='lat' dir='ltr'>ac</span> <span class='ocrx_word' id='word_1_205' title='bbox 256 3252 406 3326; x_wconf 75' lang='lat' dir='ltr'>infeliciter</span> <span class='ocrx_word' id='word_1_206' title='bbox 418 3254 455 3311; x_wconf 88' lang='lat' dir='ltr'>ab</span> <span class='ocrx_word' id='word_1_207' title='bbox 474 3255 563 3312; x_wconf 66' lang='lat' dir='ltr'>amito</span> <span class='ocrx_word' id='word_1_208' title='bbox 582 3256 705 3330; x_wconf 85' lang='lat' dir='ltr'>quodam</span> <span class='ocrx_word' id='word_1_209' title='bbox 725 3255 904 3330; x_wconf 61' lang='lat' dir='ltr'>descriptum,</span> <span class='ocrx_word' id='word_1_210' title='bbox 913 3253 1104 3330; x_wconf 86' lang='lat' dir='ltr'>premendum</span> <span class='ocrx_word' id='word_1_211' title='bbox 1113 3255 1208 3328; x_wconf 85' lang='lat' dir='ltr'>plane</span> 
     </span>
     <span class='ocr_line' id='line_1_28' title="bbox 206 3359 1207 3436; baseline 0.001 -20"><span class='ocrx_word' id='word_1_212' title='bbox 206 3359 346 3416; x_wconf 85' lang='lat' dir='ltr'>censebam</span> <span class='ocrx_word' id='word_1_213' title='bbox 361 3361 446 3417; x_wconf 87' lang='lat' dir='ltr'>donec</span> <span class='ocrx_word' id='word_1_214' title='bbox 458 3361 583 3419; x_wconf 79' lang='lat' dir='ltr'>melioris</span> <span class='ocrx_word' id='word_1_215' title='bbox 601 3360 680 3418; x_wconf 82' lang='lat' dir='ltr'>nobis</span> <span class='ocrx_word' id='word_1_216' title='bbox 693 3360 792 3419; x_wconf 87' lang='lat' dir='ltr'>codicis</span> <span class='ocrx_word' id='word_1_217' title='bbox 797 3360 886 3436; x_wconf 86' lang='lat' dir='ltr'>fieret</span> <span class='ocrx_word' id='word_1_218' title='bbox 902 3359 989 3434; x_wconf 64' lang='lat' dir='ltr'>cepta,</span> <span class='ocrx_word' id='word_1_219' title='bbox 1005 3377 1086 3433; x_wconf 85' lang='lat' dir='ltr'>quem</span> <span class='ocrx_word' id='word_1_220' title='bbox 1106 3367 1207 3433; x_wconf 80' lang='lat' dir='ltr'>accepe-</span> 
     </span>
     <span class='ocr_line' id='line_1_29' title="bbox 205 3464 1205 3540; baseline 0 -18"><span class='ocrx_word' id='word_1_221' title='bbox 205 3485 271 3522; x_wconf 83' lang='lat' dir='ltr'>ram</span> <span class='ocrx_word' id='word_1_222' title='bbox 294 3466 397 3524; x_wconf 81' lang='lat' dir='ltr'>haberi</span> <span class='ocrx_word' id='word_1_223' title='bbox 417 3467 584 3525; x_wconf 81' lang='lat' dir='ltr'>Mediolani</span> <span class='ocrx_word' id='word_1_224' title='bbox 610 3467 759 3525; x_wconf 82' lang='lat' dir='ltr'>inuentum</span> <span class='ocrx_word' id='word_1_225' title='bbox 787 3466 855 3524; x_wconf 86' lang='lat' dir='ltr'>olim</span> <span class='ocrx_word' id='word_1_226' title='bbox 882 3485 901 3522; x_wconf 89' lang='lat' dir='ltr'>a</span> <span class='ocrx_word' id='word_1_227' title='bbox 934 3464 1055 3540; x_wconf 82' lang='lat' dir='ltr'>Georgia</span> <span class='ocrx_word' id='word_1_228' title='bbox 1075 3465 1205 3522; x_wconf 87' lang='lat' dir='ltr'>Merula.</span> 
     </span>
     <span class='ocr_line' id='line_1_30' title="bbox 215 3570 1206 3646; baseline -0.001 -18"><span class='ocrx_word' id='word_1_229' title='bbox 215 3572 317 3629; x_wconf 72' lang='lat' dir='ltr'>lsenam</span> <span class='ocrx_word' id='word_1_230' title='bbox 345 3574 414 3630; x_wconf 90' lang='lat' dir='ltr'>dum</span> <span class='ocrx_word' id='word_1_231' title='bbox 433 3571 555 3646; x_wconf 81' lang='lat' dir='ltr'>frustra</span> <span class='ocrx_word' id='word_1_232' title='bbox 583 3571 643 3630; x_wconf 89' lang='lat' dir='ltr'>iam</span> <span class='ocrx_word' id='word_1_233' title='bbox 672 3572 740 3631; x_wconf 86' lang='lat' dir='ltr'>treis</span> <span class='ocrx_word' id='word_1_234' title='bbox 763 3589 856 3630; x_wconf 82' lang='lat' dir='ltr'>anuos</span> <span class='ocrx_word' id='word_1_235' title='bbox 879 3578 1063 3645; x_wconf 83' lang='lat' dir='ltr'>expectamus,</span> <span class='ocrx_word' id='word_1_236' title='bbox 1090 3570 1206 3628; x_wconf 86' lang='lat' dir='ltr'>interim</span> 
     </span>
     <span class='ocr_line' id='line_1_31' title="bbox 205 3674 1207 3756; baseline 0 -22"><span class='ocrx_word' id='word_1_237' title='bbox 205 3678 381 3737; x_wconf 89' lang='lat' dir='ltr'>doctissimus</span> <span class='ocrx_word' id='word_1_238' title='bbox 411 3679 529 3755; x_wconf 82' lang='lat' dir='ltr'>quisque</span> <span class='ocrx_word' id='word_1_239' title='bbox 561 3698 665 3736; x_wconf 88' lang='lat' dir='ltr'>mecum</span> <span class='ocrx_word' id='word_1_240' title='bbox 693 3679 857 3754; x_wconf 80' lang='lat' dir='ltr'>expostulat</span> <span class='ocrx_word' id='word_1_241' title='bbox 864 3698 873 3750; x_wconf 90' lang='lat'>;</span> <span class='ocrx_word' id='word_1_242' title='bbox 908 3674 990 3756; x_wconf 91' lang='lat' dir='ltr'>(nam</span> <span class='ocrx_word' id='word_1_243' title='bbox 1024 3675 1063 3734; x_wconf 95' lang='lat' dir='ltr'>ab</span> <span class='ocrx_word' id='word_1_244' title='bbox 1095 3685 1207 3735; x_wconf 89' lang='lat' dir='ltr'>aestate</span> 
     </span>
    </p>
   </div>
   <div class='ocr_carea' id='block_1_3' title="bbox 205 3781 1208 3937">
    <p class='ocr_par' dir='ltr' id='par_1_4' title="bbox 205 3781 1208 3937">
     <span class='ocr_line' id='line_1_32' title="bbox 205 3781 1208 3861; baseline -0.001 -20"><span class='ocrx_word' id='word_1_245' title='bbox 205 3802 230 3841; x_wconf 88' lang='lat' dir='ltr'>a</span> <span class='ocrx_word' id='word_1_246' title='bbox 247 3787 322 3860; x_wconf 87' lang='lat'>1516</span> <span class='ocrx_word' id='word_1_247' title='bbox 338 3795 395 3844; x_wconf 91' lang='lat' dir='ltr'>tres</span> <span class='ocrx_word' id='word_1_248' title='bbox 417 3796 485 3844; x_wconf 90' lang='lat' dir='ltr'>sunt</span> <span class='ocrx_word' id='word_1_249' title='bbox 506 3783 577 3844; x_wconf 90' lang='lat' dir='ltr'>anni</span> <span class='ocrx_word' id='word_1_250' title='bbox 591 3786 630 3843; x_wconf 93' lang='lat' dir='ltr'>ad</span> <span class='ocrx_word' id='word_1_251' title='bbox 648 3794 791 3844; x_wconf 87' lang='lat' dir='ltr'>aestatem</span> <span class='ocrx_word' id='word_1_252' title='bbox 811 3803 837 3844; x_wconf 86' lang='lat' dir='ltr'>a.</span> <span class='ocrx_word' id='word_1_253' title='bbox 857 3799 941 3861; x_wconf 84' lang='lat'>1519,</span> <span class='ocrx_word' id='word_1_254' title='bbox 957 3802 1056 3858; x_wconf 90' lang='lat' dir='ltr'>neque</span> <span class='ocrx_word' id='word_1_255' title='bbox 1073 3781 1125 3842; x_wconf 90' lang='lat' dir='ltr'>diu</span> <span class='ocrx_word' id='word_1_256' title='bbox 1139 3791 1208 3858; x_wconf 92' lang='lat' dir='ltr'>post</span> 
     </span>
     <span class='ocr_line' id='line_1_33' title="bbox 688 3905 723 3937; baseline 0 0"><span class='ocrx_word' id='word_1_257' title='bbox 688 3905 723 3937; x_wconf 83' lang='lat' dir='ltr'>XV</span> 
     </span>
    </p>
   </div>
   <div class='ocr_carea' id='block_1_4' title="bbox 0 0 1510 4520">
    <p class='ocr_par' dir='ltr' id='par_1_5' title="bbox 0 0 1510 4520">
     <span class='ocr_line' id='line_1_34' title="bbox 0 0 1510 4520; baseline 0 4"><span class='ocrx_word' id='word_1_258' title='bbox 0 0 1510 4520; x_wconf 95' lang='lat' dir='ltr'> </span> 
     </span>
    </p>
   </div>
  </div>
 </body>
</html>
