2996 4520
604 476 733 534 LIBER
755 477 788 536 II

184 611 374 699 ⁸terribiliora
388 641 531 706 duceret..
559 650 592 699 ut
606 640 715 700 deinde
730 641 833 718 spretis
848 643 987 703 omnibus
998 663 1074 720 quae
1089 645 1198 706 Caesar
1211 672 1226 718 4

202 738 409 814 postulauerat,
435 740 643 798 tantummodo
668 751 825 800 contentus
853 761 913 800 una
940 741 1056 818 legione
1080 742 1196 802 titulum

203 856 241 895 ne
258 836 395 897 retineret
411 836 590 914 prouinciae,
609 837 800 915 priuatusque
817 838 847 896 in
865 839 969 898 urbem
991 839 1104 900 ueniret
1121 852 1151 900 et
1168 861 1199 901 se

202 931 233 991 in
267 933 410 1010 petitione
444 936 615 993 consulatus
648 933 790 1011 suffragiis
822 935 926 1012 populi
958 937 1088 996 Romani
1121 957 1200 996 eom-

175 1029 330 1099 5mitteret
352 1033 518 1104 decreuere,
542 1043 621 1091 ratus
644 1033 816 1092 bellandum
841 1035 950 1094 Caesar
974 1054 1043 1093 cum
1071 1035 1199 1094 exercitu

204 1127 393 1187 Rubiconem
416 1128 537 1188 transiit.
581 1130 636 1190 Cn.
657 1129 818 1206 Pompeius
840 1132 1036 1208 consulesque
1059 1143 1088 1191 et
1107 1131 1201 1191 maior

202 1242 269 1299 pars
304 1235 422 1284 senatus
457 1224 557 1285 relicta
591 1226 664 1285 urbe
698 1246 733 1285 ae
763 1225 873 1286 deinde
902 1227 987 1287 Italia
1014 1228 1200 1288 transmisere

204 1322 407 1397 Dyrrachium.

243 1420 284 1476 At
303 1419 412 1478 Caesar
435 1419 569 1479 Domitio
588 1419 822 1498 legionibusque,
839 1421 952 1482 Corfini
966 1442 1042 1499 quae
1058 1442 1116 1481 una
1130 1442 1197 1481 cum
1212 1434 1253 1494 50

139 1525 142 1530 '
160 1538 191 1573 10
204 1533 240 1573 eo
258 1517 380 1590 fuerant,
396 1517 516 1594 potitus,
532 1521 609 1579 duce
628 1518 759 1596 aliisque,
777 1520 1043 1598 quiconuenerant
1061 1521 1142 1581 abire
1161 1523 1200 1580 ad

205 1615 389 1692 Pompeium,
411 1617 474 1678 sine
493 1619 635 1680 dilatione
657 1620 795 1694 dimissis,
815 1634 985 1698 persecutus
1009 1623 1200 1684 Brundisium

203 1710 244 1772 ita
258 1725 290 1773 ut
304 1727 456 1792 appareret
475 1719 563 1777 malle
582 1717 700 1795 integris
721 1719 809 1779 rebus
821 1731 857 1779 et
870 1719 1103 1781 'condicionibus
1118 1721 1201 1780 finire

205 1811 316 1870 bellum
326 1833 415 1890 quam
427 1813 743 1891 opprimere‘fugientiS‚
751 1836 820 1875 cum
827 1807 1201 1894 transgressosrepperisset

204 1912 350 1982 eonsules,
363 1910 394 1970 in
409 1911 512 1970 urbem
527 1911 681 1970 reuertitur
695 1911 869 1990 redditaque
877 1912 996 1972 'ratione
1010 1913 1200 1973 consiliorum
1217 1935 1227 1967 2

131 2057 133 2062 .
160 2021 189 2072 15
205 2027 325 2067 suorum
348 2009 378 2068 in
401 2023 505 2071 senatu
528 2023 558 2071 et
577 2011 607 2070 in
629 2011 770 2072 contione
790 2032 826 2072 ac
847 2011 1025 2074 miserrimae
1045 2014 1203 2074 necessitu-

205 2103 290 2178 dinis,
307 2127 375 2166 cum
384 2107 493 2168 alienis
507 2108 595 2168 armis
609 2110 648 2168 ad
662 2128 744 2168 arma
755 2112 926 2187 compulsus
941 2121 1026 2183 esset,
1039 2110 1202 2188 Hispanias

203 2214 303 2280 petere
331 2205 469 2265 decreuit
526 2205 746 2266 festinationem
780 2205 891 2267 itineris
926 2207 989 2268 eius
1019 2208 1230 2285 aliquamdiu3

205 2315 318 2363 morata
341 2303 474 2365 Massilia
487 2317 539 2378 est,
556 2308 615 2366 fide
638 2303 742 2366 melior
763 2325 853 2382 quam
876 2306 1001 2366 consilio
1020 2307 1200 2383 prudentior,

204 2397 412 2476 intempestiue
426 2402 632 2479 principalium
647 2423 796 2462 armorum
815 2399 933 2463 arbitria
947 2414 1077 2480 captans,
1094 2403 1202 2480 quibus

161 2527 192 2562 20
204 2497 236 2556 hi
250 2518 281 2558 se
296 2499 407 2558 debent
419 2498 612 2576 interponere,
624 2498 675 2576 qu'i
686 2519 747 2559 non
758 2511 910 2576 parentem
921 2519 1056 2559 coercere
1067 2511 1199 2577 possunt.

205 2595 347 2655 exercitus
376 2595 494 2668 deinde,
523 2595 575 2673 qui
603 2596 659 2655 sub
686 2595 809 2654 Afranio
833 2594 985 2680 'consulari
1018 2616 1054 2655 ac
1086 2595 1231 2660 Petreio4

237 2767 327 2801 neum
346 2769 398 2801 una
416 2752 517 2814 legione
540 2768 573 2800 ne
592 2754 652 2809 (om.
673 2751 708 2816 Ρ)
733 2752 834 2800 titulum
856 2752 969 2800 retinere
992 2767 1017 2813 p.
1038 2751 1096 2801 ΑΡ.
1145 2752 1203 2799 Vide

206 2818 302 2867 Comm.
319 2818 378 2867 cnr.
477 2832 492 2877 3
509 2819 675 2879 priuatusque
686 2815 754 2866 AP:
774 2817 887 2879 priuatus
899 2817 1026 2865 Gelenius:
1044 2817 1160 2878 priuatus
1174 2825 1202 2864 ut

205 2883 361 2932 Mommsen:
378 2899 428 2944 que
447 2919 490 2931 ...
509 2890 534 2930 et
554 2883 699 2944 ‘panibulas
714 2883 779 2929 inter
792 2897 816 2928 se
833 2882 998 2944 respondentes
1014 2897 1140 2944 agnosoen
1152 2890 1206 2945 par

205 2947 253 2996 est’
269 2948 378 2996 Thomas
385 2956 411 3010 p.
428 2963 474 2995 12:
501 2947 545 2995 sed
560 2947 642 2995 dubito
721 2948 809 2994 uenire
829 2946 897 2994 AP:
914 2948 1007 2994 correxi
1101 2963 1201 3007 4com-

206 3014 309 3062 mittere
321 3012 381 3073 ΑΡ,
393 3029 450 3062 corr.
467 3013 578 3061 Gelenius
676 3027 691 3073 5
710 3015 848 3060 decreuere
859 3011 918 3072 ΑΡ,
930 3011 975 3060 sed
983 3013 1204 3061 Bureradnotam't

207 3083 258 3127 ‘ex.
272 3083 317 3126 net.
332 3078 367 3125 sic
382 3078 452 3126 habet
467 3085 495 3126 ut
508 3077 636 3141 legendum
653 3078 789 3125 existimem
805 3077 972 3127 decreuerat!
1017 3077 1103 3139 Itaque
1114 3085 1203 3139 paren-
1261 3109 1264 3116 ι

207 3144 284 3190 thesin
291 3143 382 3203 fecerat
396 3144 434 3191 ille
449 3145 640 3192 tantummodo.
654 3180 660 3192 .
676 3179 681 3191 .
694 3144 852 3200 decreuerat,
868 3159 898 3190 ex
911 3144 956 3190 hoc
967 3148 1051 3190 autem
1066 3143 1203 3204 infinite'uos

207 3209 295 3257 uenire
308 3244 331 3256 ..
346 3211 521 3258 ‚committere
530 3209 632 3269 pendere
634 3209 725 3270 fecerat
809 3211 826 3257 8
843 3209 999 3269 Dyrachium
1010 3207 1046 3266 A,
1059 3208 1200 3267 etsic51.1

206 3290 222 3336 9
239 3274 434 3335 legionibusque
451 3275 548 3322 Corfini
568 3289 633 3335 quae
649 3273 690 3322 P:
707 3273 898 3335 legionibusque
917 3274 1013 3321 Corfini
1031 3273 1073 3322 A:
1097 3273 1204 3334 legioni·

206 3341 306 3400 busque
324 3355 390 3400 quae
407 3340 474 3389 Cori.
498 3340 582 3387 Baiter
713 3355 744 3387 10
760 3345 934 3388 conuenerant
955 3339 1056 3401 smpsi:
1078 3347 1203 3386 uenerant

206 3404 271 3455 AP:
291 3405 424 3454 uoluerant
437 3405 549 3453 Gelenius
632 3419 659 3451 11
678 3404 847 3455 Brundusium
858 3403 913 3451 ΑΡ
994 3419 1023 3464 13
1040 3404 1162 3466 fugientis
1175 3403 1201 3450 A

207 3485 290 3532 reper.
303 3469 357 3517 ΑΡ
423 3485 452 3531 14
470 3469 589 3518 consules
604 3468 630 3515 A
706 3469 874 3518 reuertiturA
884 3475 912 3515 ut
921 3486 960 3529 40.
969 3485 993 3530 2,
1001 3484 1039 3530 42.
1053 3471 1204 3531 atreuertit

205 3584 232 3631 Ρ
359 3599 389 3646 15
407 3585 434 3635 in
453 3587 520 3648 (lut)
540 3542 652 3633 senatuet
659 3585 684 3632 in
703 3584 824 3633 contione
835 3584 870 3642 A,
893 3589 921 3631 ut
937 3585 1059 3631 omissum
1075 3601 1092 3633 a
1109 3601 1143 3634 m.
1162 3593 1203 3647 pr.

198 3651 278 3712 suen't
296 3658 323 3698 et
480 3667 510 3712 17
527 3650 654 3711 aliquadiu
674 3651 760 3698 mortu
780 3657 876 3698 morata
900 3649 1013 3698 Massilia
1034 3649 1061 3696 A
1086 3651 1139 3712 (sic)
1163 3649 1207 3698 sed

207 3716 314 3778 utn'sque
335 3745 352 3758 κ
374 3716 493 3765 induetis:
514 3715 659 3777 aliquandiu
676 3714 703 3761 Ρ
813 3731 846 3763 20
865 3715 936 3763 hisce
954 3713 979 3760 A
1087 3731 1115 3763 21
1137 3716 1203 3763 Airi-

208 3781 396 3895 ῗιΐῐὲῒείἑιῖιὲ
420 3783 431 3829 i
455 3787 479 3830 et
500 3782 524 3830 c'
548 3781 643 3830 Burcr:
671 3781 794 3829 Africano
817 3779 882 3831 AP:
913 3780 1020 3828 Afranio
1043 3781 1125 3829 Burer
1144 3782 1202 3830 coni.

691 3956 723 4022 ⁶⁹
