2996 4520
611 455 740 515 LIBER
761 456 795 515 II

203 637 271 677 curn
285 605 540 679 abundantissima
554 639 650 679 rerum
666 619 800 679 omnium
813 619 907 698 copia,
920 621 1059 681 exercitui
1071 620 1200 683 Caesari-

202 734 261 791 que
276 715 421 776 seiunxit.
475 791 476 794 Ἴ

242 815 313 872 Non
334 823 467 890 tempero
489 812 562 873 mihi
583 813 656 890 quin
677 824 776 873 tantae
797 834 894 874 rerum
915 814 1111 892 magnitudini
1131 817 1268 888 hoc,107

202 912 419 988 qualecumque
433 922 486 984 est,
502 911 637 972 inseram.
681 931 750 971 curn
765 911 930 972 citeriorem
947 912 1200 990 ripampraedicti
1265 947 1268 954 ·

173 1007 331 1070 5fluminis
356 1008 457 1068 castris
482 1028 712 1085 occupassemus
736 1020 766 1069 et
790 1009 910 1069 ulterior
933 1021 1045 1069 armata
1068 1009 1199 1070 hostium

201 1104 309 1165 uirtute
323 1108 454 1184 fulgeret,
471 1106 527 1166 sub
544 1126 665 1166 omnem
685 1118 800 1167 motum
819 1109 1015 1185 undecumque
1035 1118 1200 1167 nostrarum

202 1191 324 1262 nauium
338 1202 472 1280 protinus
486 1202 702 1280 refugientium,
715 1224 792 1263 unus
807 1224 824 1264 e
838 1203 969 1264 barbaris
983 1215 1078 1264 aetate
1093 1203 1199 1276 senior,

202 1319 325 1376 corpore
353 1302 508 1373 excellens,
537 1299 687 1376 dignitate,
717 1311 861 1378 quantum
890 1300 1066 1361 ostendebat
1094 1302 1199 1372 cultus,

202 1395 345 1470 eminens,
367 1408 513 1470 cauatum,
535 1407 568 1456 ut
589 1395 645 1456 illis
667 1416 732 1456 mos
754 1407 806 1469 est,
827 1417 862 1456 ex
884 1395 1005 1456 materia
1027 1396 1200 1456 conscendit

159 1494 321 1552 roalueum
346 1493 486 1570 solusque
510 1493 542 1553 id
569 1492 668 1570 nauigi
695 1513 788 1570 genus
813 1505 980 1570 temperans
1004 1495 1043 1554 ad
1067 1493 1200 1553 medium

202 1588 346 1666 processit
359 1589 489 1650 fluminis
504 1601 534 1650 et
547 1589 639 1666 petiit,
655 1589 755 1650 liceret
770 1589 826 1650 sibi
843 1590 907 1650 sine
925 1587 1056 1668 periculo
1074 1589 1104 1649 in
1124 1609 1199 1663 eam,

167 1721 170 1728 ,
204 1706 293 1763 quarn
310 1686 399 1746 armis
419 1686 603 1760 tenebamus,
619 1686 718 1764 egredi
738 1686 832 1764 ripam
854 1707 889 1746 ac
910 1687 1011 1747 uidere
1033 1688 1198 1748 Caesarem.

204 1785 273 1843 data
300 1783 412 1860 petenti
439 1785 570 1843 facultas.
614 1795 678 1843 turn
705 1785 830 1861 appulso
855 1783 941 1843 lintre
965 1795 994 1842 et
1018 1783 1070 1844 diu
1094 1783 1227 1843 tacitusr

204 1884 421 1958 contemplatus
441 1882 607 1954 Caesarem,
625 1893 726 1940 nostra
742 1880 873 1958 quidem,
892 1880 995 1958 inquit,
1013 1879 1082 1940 furit
1100 1879 1202 1940 iuuen-

160 1997 189 2046 15
204 1989 259 2051 tue,
276 1999 352 2055 quae
367 1998 435 2037 cum
450 1989 581 2038 uestrum
596 1998 707 2037 numen
721 1977 889 2038 absentium
905 1980 990 2050 colat,
1002 1977 1201 2055 praesentium

203 2075 302 2152 potius
316 2095 397 2134 arma
411 2075 516 2134 metuit
530 2095 620 2153 quam
635 2075 767 2152 sequitur
780 2076 878 2134 fidem.
918 2077 971 2134 sed
986 2095 1041 2152 ego
1055 2072 1202 2134 beneficio

204 2184 233 2232 et
255 2171 399 2249 permissu
422 2183 483 2244 tuo,
507 2173 623 2244 Caesar,
646 2192 722 2249 quos
742 2183 811 2232 ante
833 2171 1000 2244 audiebam,
1024 2171 1115 2232 hodie
1139 2171 1202 2232 uidi

203 2272 286 2342 deos,
301 2289 358 2329 nec
372 2267 533 2329 feliciorem
552 2270 646 2328 ullum
665 2268 745 2328 uitae
763 2289 847 2329 meae
865 2279 916 2328 aut
935 2268 1037 2345 optaui
1055 2279 1107 2328 aut
1123 2267 1202 2328 sensi

204 2367 292 2427 diem.
349 2366 566 2443 impetratoque
590 2377 623 2426 ut
650 2387 772 2426 manum
795 2366 985 2443 contingeret,
1009 2385 1143 2425 reuersus
1170 2364 1202 2424 in

161 2484 192 2518 20
204 2463 381 2537 nauiculam,
411 2463 475 2523 sine
502 2465 563 2523 fine
590 2475 758 2540 respectans
787 2464 944 2524 Caesarem
972 2461 1052 2539 ripae
1080 2482 1200 2521 suorum

204 2563 345 2638 appulsus
371 2572 422 2620 est
441 2575 448 2595 ⁸
466 2559 562 2620 uictor
586 2560 720 2621 omnium
742 2560 874 2637 gentium
897 2561 1098 2636 locorumque,
1125 2578 1230 2636 quos3

204 2657 316 2718 adierat
330 2658 447 2730 Caesar,
463 2677 532 2716 cum
547 2656 690 2717 incolumi
704 2657 907 2732 inuiolatoque
921 2667 950 2715 et
968 2657 1060 2715 semel
1077 2666 1203 2715 tantum-

205 2757 297 2815 modo
320 2773 427 2830 magna
451 2773 520 2812 cum
543 2755 629 2814 clade
652 2753 783 2814 hostiurn
805 2754 913 2823 fraude,
933 2772 1035 2812 eorum
1059 2762 1203 2829 temptato

240 2927 251 2958 1
271 2910 440 2971 Caesarisque
451 2909 476 2956 A
588 2925 604 2970 3
622 2911 693 2958 Nont
708 2909 759 2970 del,
774 2908 827 2957 dein
844 2917 965 2972 suprascr.
981 2909 1039 2958 Non
1051 2909 1077 2956 A
1188 2924 1203 2970 5

206 2977 328 3024 ulteriora
339 2974 365 3021 A
465 2977 482 3022 6
498 2975 631 3024 iuuentute
642 2974 669 3022 P
731 2982 825 3036 motr'rq.
840 2975 866 3036 qi
880 2975 915 3037 (qi
927 2975 1056 3038 pallidebre
1067 2981 1204 3022 atramento

207 3048 235 3088 ut
243 3049 322 3103 paene
335 3040 439 3088 deletum
457 3040 579 3102 uideatur)
592 3041 636 3088 A:
659 3047 805 3100 metumque
821 3039 910 3100 Burer,
925 3041 969 3088 sed
983 3039 1111 3088 adnotauit
1127 3041 1207 3088 ‘inter

206 3121 307 3155 omnem
323 3112 469 3166 motumque
481 3106 601 3168 quiddam
612 3107 688 3153 deesse
702 3105 829 3154 uidetur’:
854 3113 949 3154 motum
960 3105 998 3155 P:
1024 3106 1204 3165 cuiuscumque

205 3170 340 3218 Heinsius:
358 3172 405 3218 sub
421 3178 510 3219 nutum
525 3178 671 3232 motumque
686 3170 791 3219 Walter:
817 3172 864 3220 sub
882 3178 1039 3220 mennatum
1056 3177 1203 3231 motumque

206 3236 304 3283 Iambs:
330 3236 377 3282 sub
397 3251 421 3284 o.
439 3243 534 3284 motum
552 3244 721 3298 conatumque
738 3236 837 3284 Halm:
862 3237 1041 3297 undecumque
1063 3236 1153 3297 scn'pst,
1172 3239 1201 3295 cs.

207 3300 266 3350 Sen.
284 3300 313 3348 de
332 3301 376 3349 Ve't.
396 3301 463 3348 beata
480 3316 511 3362 27
529 3303 599 3364 rupis
616 3318 692 3363 quarn
709 3304 799 3350 fluctus
816 3318 868 3350 non
884 3302 1011 3361 desinunt,
1027 3301 1204 3361 undecumque

207 3366 268 3415 moti
276 3373 343 3428 sunt,
355 3367 491 3414 uerberare
537 3367 680 3428 qauiumA
728 3383 758 3416 ro
769 3368 864 3428 nauigii
873 3366 927 3413 ΑΡ
970 3382 999 3414 ra
1011 3365 1204 3414 tenebamusP:

208 3433 374 3480 tendebamus
391 3431 441 3477 BA
528 3448 557 3492 13
575 3434 633 3481 data
645 3432 695 3479 BA
707 3450 714 3480 r
732 3434 790 3480 data
801 3449 816 3480 a
826 3433 937 3480 Caesare
948 3431 979 3489 P,
995 3430 1065 3478 ‘Hoc
1074 3448 1089 3479 a
1101 3431 1204 3480 Caesare

207 3500 232 3546 in
241 3503 335 3545 uetusto
341 3496 390 3546 cod.
401 3513 451 3545 non
460 3498 581 3560 repenlur,
593 3498 657 3545 unde
667 3497 731 3545 unde
739 3498 777 3545 hic
784 3495 946 3560 immigrau'f'
956 3495 1038 3544 Burer
1086 3496 1144 3558 adp.
1153 3495 1207 3543 ΑΡ

207 3569 229 3611 et
244 3564 278 3611 sic
293 3578 323 3610 ar
423 3563 526 3624 lynthre
537 3562 562 3608 A
664 3570 689 3611 et
706 3579 755 3612 om.
777 3563 931 3611 Vascosanus
1075 3577 1104 3623 17
1122 3562 1203 3610 etA:

207 3645 237 3677 ac
252 3628 279 3676 P
363 3629 397 3675 ho
414 3627 588 3676 tantummodo
605 3627 654 3689 legi
668 3629 693 3676 iu
713 3628 738 3675 A
760 3629 836 3676 ceteris
852 3629 935 3676 le'tten's
949 3627 1024 3674 eruces
1043 3627 1083 3673 uel
1096 3628 1205 3674 absnsn's

207 3696 233 3743 in
244 3695 299 3756 fine
311 3709 398 3742 uermes
510 3694 540 3740 18
555 3694 585 3742 ill
604 3694 683 3741 ullum
694 3693 720 3740 A
735 3694 788 3756 (sic)
899 3708 929 3754 19
945 3693 1044 3755 impetr.
1058 3692 1097 3742 P:
1114 3693 1203 3753 imper.

683 3939 728 3992 1¹7
