3024 4568
506 435 852 499 COMMENTARIVS
874 439 1074 500 CRITICVS

292 605 421 661 uidentur
430 608 571 676 praeclare
581 625 695 674 operam
703 607 730 661 in
739 625 772 662 eo
782 605 1088 663 nauasseRuhnkenius
1097 617 1124 662 et
1135 605 1290 674 Maduicus,

293 693 336 747 hic
358 693 519 762 corrigendo
539 696 674 764 ancipitia
696 696 752 748 sibi
775 693 899 764 [maluit]
922 701 1020 759 tenere,
1043 695 1087 748 ille
1111 712 1162 764 pro
1186 697 1292 764 ignaue

292 781 416 834 scribens
428 783 539 851 igmuit
556 781 709 835 secundum
725 783 770 836 ed.
785 782 895 850 Bipont.
933 783 970 835 Et
983 782 1037 836 hoc
1054 782 1166 852 quidem
1182 781 1219 835 ita
1231 797 1288 835 non

291 869 381 937 placet
391 878 420 923 ut
434 868 634 924 dubitationem
651 879 762 923 moueat
780 869 936 939 potueritne
949 869 989 924 sic
1002 869 1113 923 scribia
1124 870 1270 923 Paterculo
1281 887 1289 932 3

265 997 270 1001 .
290 971 357 1007 nam
371 954 415 1008 hic
428 972 483 1008 uno
496 955 609 1025 quidem
622 957 682 1011 loco
701 957 785 1010 habet
799 959 893 1012 amnc'a
906 957 960 1010 sihi
974 959 1114 1027 ignoscere
1127 954 1181 1023 (3⁰·
1194 954 1223 1025 3)
1238 957 1290 1010 sed

290 1041 385 1096 addito
409 1043 479 1096 sihi:
509 1041 535 1096 in
561 1043 660 1098 ceteris
686 1043 818 1098 datiuum·
834 1054 996 1098 constanter
1019 1043 1154 1111 adhibuit,
1180 1061 1232 1098 nec
1253 1045 1289 1098 de

290 1127 446 1182 hominibus
460 1139 568 1182 tantum
581 1140 610 1184 ut
626 1131 666 1198 56.
682 1146 692 1185 1
708 1131 835 1183 amnibus
847 1133 898 1199 qui
909 1137 1008 1183 cantra
1023 1148 1052 1184 se
1068 1135 1149 1183 arma
1162 1131 1290 1183 tulerant

288 1219 406 1286 agnouit,
418 1231 474 1283 114.
486 1231 501 1283 3
511 1235 566 1270 nan
577 1219 752 1286 sequentibus
763 1219 941 1287 disciplinam
955 1259 961 1271 .
976 1257 982 1272 .
995 1257 1001 1271 .
1014 1220 1133 1288 ignorat,
1145 1217 1194 1272 sed
1202 1216 1288 1271 etiam

289 1304 335 1356 ubi
349 1303 384 1356 de
398 1302 475 1358 sactis
489 1321 580 1358 sermo
597 1315 639 1358 est
656 1314 686 1359 ut
705 1307 746 1371 83.
760 1321 775 1358 2
792 1305 827 1357 id
836 1306 988 1374 probatum
1006 1323 1024 1356 a
1045 1305 1162 1358 Caesare
1179 1307 1228 1358 cui
1240 1306 1289 1358 illc

287 1393 443 1460 cgnoacrat.
480 1393 517 1446 At
528 1409 594 1446 uero
605 1377 767 1448 adue'rbium
777 1391 879 1461 optime
892 1391 937 1445 hic
948 1390 1071 1462 positum
1080 1402 1130 1458 est,
1141 1393 1226 1445 modo
1236 1408 1287 1460 pro

287 1479 391 1548 egricum
410 1479 456 1536 uel
476 1496 538 1533 cum
561 1478 697 1534 Salmasio
719 1479 823 1534 scribas
840 1496 938 1550 gnaue
958 1483 1010 1547 uel,
1033 1479 1108 1549 quod
1127 1481 1210 1544 malo,
1230 1497 1286 1532 nan

286 1567 405 1634 ignaue:
432 1581 497 1618 nam
520 1567 695 1619 Paterculum
717 1583 772 1619 non
792 1569 940 1636 ignauiam
960 1565 1094 1620 obiecisse
1118 1566 1285 1620 Germanico

287 1654 437 1707 ostendunt
455 1655 511 1708 116.
527 1668 537 1706 1
554 1671 658 1724 magna
671 1657 859 1723 expeiainenta
881 1654 1001 1707 uirtutis
1015 1655 1201 1707 Germanicus
1212 1655 1289 1708 dedit

286 1748 313 1792 et
330 1753 387 1807 129.
401 1753 425 1806 2,
439 1757 528 1809 neque
541 1740 579 1796 ita
591 1741 715 1794 infensus
728 1751 787 1794 erat
800 1739 926 1794 Tiberius
941 1740 1108 1794 Germanico
1121 1751 1151 1794 ut
1167 1740 1285 1794 infama-

285 1835 345 1878 tum
358 1843 422 1879 eum
435 1825 552 1880 libenter
564 1836 638 1880 esset
651 1826 780 1892 lecturus,
793 1844 826 1882 eo
846 1837 920 1880 certe
933 1826 1045 1881 nomine
1058 1843 1113 1896 quo
1125 1827 1193 1880 nihil
1210 1837 1286 1882 esset
1341 1891 1348 1898 ἱ

287 1915 416 1967 Romano
429 1913 569 1982 indignius
582 1914 756 1983 imperatore.

319 2002 430 2069 qac'ctem
441 2001 464 2054 si
474 2019 523 2070 pro
533 2003 645 2071 pridem
659 1999 783 2070 (Heius.)
798 2001 906 2070 scripsit
918 2001 1051 2067 librarius
1065 2002 1284 2071 comparandum

285 2089 336 2142 erit
349 2092 538 2158 quaepasitas
550 2107 600 2158 pro
609 2093 789 2158 praepositus
804 2091 861 2142 116.
883 2104 914 2142 2:
934 2099 1008 2142 recte
1025 2088 1100 2142 euim
1120 2089 1159 2142 sic
1176 2089 1285 2143 uidetur

286 2177 499 2230 Murbacensem
508 2175 703 2244 interpretatus
713 2178 874 2230 Rhenanus
891 2177 979 2230 Recte
988 2175 1229 2243 idemRheuanus‚
1238 2194 1284 2231 me

284 2260 382 2328 iudice,
396 2261 425 2314 in
440 2262 617 2316 Murbacensi
631 2269 690 2318 tam
708 2279 739 2315 νε
751 2261 842 2332 potius
855 2280 939 2332 quam
952 2265 1050 2315 timere
1062 2262 1147 2317 uidit:
1168 2264 1283 2332 pulchre

284 2359 462 2418 opponuntur
480 2367 518 2416 νε,
536 2351 659 2419 exempla
674 2352 848 2420 peraicc'asa3
878 2351 953 2420 quod
969 2363 1061 2404 autem
1080 2352 1194 2406 Amerb.
1213 2350 1285 2405 inter

283 2448 351 2490 met
370 2455 388 2490 r
404 2439 497 2506 legere
516 2438 567 2491 sibi
588 2439 661 2492 uisus
680 2448 723 2492 est
742 2457 764 2506 e,
778 2437 805 2492 id
818 2439 944 2492 relictum
963 2450 1031 2507 puto
1048 2456 1081 2492 ex
1097 2439 1235 2507 tam(qu)e
1253 2457 1285 2493 re

283 2526 327 2579 uel
346 2525 437 2595 potius
455 2525 559 2597 tinette
577 2545 615 2595 re,
635 2529 874 2598 quemadmodum
893 2528 1027 2598 scriptum
1045 2529 1164 2582 sortasse
1184 2530 1283 2584 iuerat.

282 2615 459 2670 Accusatiuis
484 2617 621 2686 ancipitia
654 2618 709 2671 sibi
739 2617 878 2686 tamlqule
905 2635 936 2670 re
959 2634 1044 2685 quam
1069 2618 1192 2687 exempla
1214 2621 1283 2688 per·

282 2689 386 2755 niceasa
408 2705 526 2757 alterum
549 2704 737 2758 accusatiuum
759 2705 906 2758 obsidentis
927 2722 978 2774 per
996 2721 1112 2772 zeugma
1134 2705 1283 2774 adnexum,

282 2799 414 2858 utrosque
427 2801 520 2844 autem
534 2807 567 2844 ex
583 2792 682 2844 eodem
698 2791 784 2845 uerbo
802 2793 920 2844 coercuit
938 2791 1092 2859 pendentes
1108 2789 1196 2846 facio:
1216 2809 1282 2846 nam

281 2887 308 2930 et
322 2887 385 2930 acta
398 2877 531 2932 seditiose
550 2889 576 2930 et
590 2878 664 2947 ipsos
676 2895 728 2947 per
746 2876 909 2931 seditionem
925 2895 955 2930 se
974 2877 1127 2932 obsidentis
1145 2877 1280 2934 inhibuit:

282 2965 333 3018 ‘he
346 2975 425 3034 puta
438 2965 524 3019 check
537 2983 612 3034 upon
625 2975 684 3021 acts
699 2966 787 3020 which
800 2983 872 3018 were
884 2966 1038 3020 hazardous
1052 2975 1081 3019 to
1098 2965 1210 3019 himself
1221 2966 1249 3034 (i.
1257 2984 1282 3020 e.

280 3061 310 3106 to
328 3052 371 3106 his
390 3053 528 3121 authority
540 3070 571 3108 as
590 3055 713 3120 general)
732 3054 789 3106 and
802 3070 872 3106 were
885 3069 916 3106 as
937 3051 1053 3106 noxious
1072 3053 1098 3107 in
1118 3051 1189 3106 their
1205 3071 1281 3107 mere

281 3139 457 3194 commission
471 3157 502 3193 as
516 3139 543 3192 in
555 3140 603 3195 the
616 3141 742 3210 example
754 3141 820 3208 they
831 3149 881 3206 set,
892 3140 948 3193 and
961 3141 1030 3194 used
1040 3141 1088 3194 the
1099 3157 1164 3208 very
1175 3140 1281 3194 swords

281 3227 344 3283 with
358 3227 449 3284 which
466 3230 513 3282 the
530 3228 645 3282 soldiers
659 3247 728 3283 were
747 3227 915 3296 blockading
930 3227 989 3281 him
1005 3245 1035 3282 as
1049 3246 1066 3281 a
1079 3228 1166 3282 check
1178 3245 1214 3282 on
1231 3229 1280 3282 the

278 3315 461 3372 blockaders'

315 3407 394 3457 1261
418 3405 527 3458 Horum
552 3415 607 3456 xvl
632 3419 767 3457 annorum
792 3419 877 3472 opera
901 3402 962 3472 quis
987 3419 1050 3456 cum
1076 3401 1167 3457 insero
1194 3400 1280 3456 oculis

279 3490 433 3560 animisque
446 3489 569 3543 omnium
582 3491 610 3543 in
623 3488 747 3560 partibus
760 3490 923 3558 eloquatur?
940 3489 978 3544 A.

314 3577 404 3632 insera
416 3580 499 3631 etiam
512 3577 621 3631 Burer:
641 3577 744 3631 inserta
757 3577 810 3630 sint
824 3578 857 3631 P.

315 3665 341 3718 N
346 3682 382 3717 on
395 3667 501 3718 inserta
514 3667 572 3718 sint
583 3664 654 3719 facio
667 3681 748 3718 exeo
761 3665 836 3733 quod
854 3663 950 3718 habuit
969 3661 1162 3718 Murbacensis
1175 3665 1277 3726 intera,

280 3753 329 3806 sed
342 3752 417 3822 quod
433 3750 586 3806 sententiae
603 3752 693 3821 aptius
711 3760 762 3817 est,
775 3753 908 3821 regerent
923 3768 952 3803 se
968 3752 1013 3804 uel
1028 3749 1278 3820 ingerantur¹ob·

279 3841 368 3906 trude,
390 3839 464 3895 force
488 3840 657 3894 themselves
677 3839 770 3910 upon!
807 3840 885 3894 Verr.
905 3837 931 3894 ii.
955 3853 978 3908 3.
998 3840 1034 3907 69
1058 3839 1201 3909 ingerebat
1226 3839 1278 3892 iste

754 3951 801 4000 190
