3024 4568
517 424 863 486 COMMENTARIVS
885 425 1083 486 CRITICVS

301 595 335 660 P,
348 593 425 663 quad
430 593 586 646 Rhenanus
597 594 628 646 in
640 609 730 664 marg.
743 595 865 648 correxit
876 591 1049 648 interfecerat
1064 591 1122 660 (uel
1132 591 1299 661 confecerat)

231 741 233 756 1
300 681 339 736 ita
351 691 445 735 tamen
458 690 488 735 ut
500 679 537 734 ad
550 678 641 734 ictum.
1367 746 1371 757 Α

336 769 485 822 Laodiciae
493 776 567 822 recte
574 765 700 834 Vossius,
711 783 774 820 cum
784 764 930 820 excidisset
939 784 954 820 e
963 775 1027 822 ante
1034 769 1186 837 expugnat.
1201 767 1302 822 Cetera

299 854 366 910 uitia
378 855 432 909 iam
447 855 599 910 Rhenanus
617 854 774 921 sustulerat,
787 852 841 908 nisi
858 854 935 924 quod
953 870 1004 923 pro
1016 853 1107 923 priore
1110 855 1223 924 fecerat
1234 871 1301 908 con-

300 941 411 998 iectauit
435 943 618 1010 interfecerat.
661 942 838 1011 Quamquam
863 940 937 995 enirn
962 939 1051 1010 potuit
1070 943 1103 996 V.
1112 942 1225 1011 fecerat
1242 981 1249 994 .
1267 980 1274 994 .
1295 981 1301 995 .

300 1031 476 1101 interfecerat
494 1047 544 1099 per
564 1027 787 1099 paronomasiam
802 1029 953 1099 quamdam
973 1029 1018 1083 uel
1037 1027 1197 1098 parechesis
1216 1046 1301 1084 causa

301 1117 340 1172 sic
353 1117 481 1184 scribere,
494 1127 523 1171 ut
541 1117 688 1187 scripserat
706 1119 803 1187 Nepos
823 1119 904 1172 Eum.
917 1131 941 1171 2.
956 1116 1002 1169 fin.
1014 1117 1170 1186 r'nterficere
1186 1122 1303 1170 corrasus

300 1211 341 1260 est
356 1207 508 1274 etfecr'sset,
524 1203 569 1259 uix
586 1215 680 1259 tamen
697 1203 763 1259 satis
779 1203 890 1274 proprie
908 1203 1085 1272 interfecerat
1101 1202 1225 1258 dicturus
1241 1214 1301 1258 erat

300 1294 336 1348 de
348 1312 381 1349 eo
395 1293 441 1365 qui
453 1293 538 1348 alium
551 1293 640 1362 coegit
652 1303 770 1348 mortem
783 1292 835 1348 sibi
848 1292 1029 1348 consciscere.

335 1380 450 1436 Videtur
463 1380 595 1436 excidisse
608 1381 725 1435 uerbum
738 1397 793 1451 quo
806 1379 1004 1448 significaretur
1017 1378 1132 1436 Cassius
1150 1377 1301 1434 necessita·

299 1481 357 1525 tem
371 1454 534 1525 Dolabellae
547 1468 712 1539 imposuisse
724 1467 877 1524 moriendi:
897 1467 985 1538 potuit
999 1469 1052 1522 hoc
1066 1467 1106 1524 sic
1118 1468 1215 1523 efferre
1227 1469 1302 1521 naara

300 1559 344 1612 uel
354 1559 428 1612 abire
431 1559 551 1630 fecerat,
559 1558 591 1612 cf.
600 1556 767 1612 Thielmann
778 1557 805 1610 Α
808 1556 890 1611 rcla'v
890 1558 951 1628 fe'a'r
956 1559 1020 1610 Lat.
1030 1557 1256 1628 Lexikagraphr'e
1267 1555 1304 1609 iv.

303 1647 352 1714 176
365 1663 425 1718 sqq.
463 1649 524 1700 Iam
543 1645 693 1701 Berndtius
713 1647 837 1716 Quaestt.
856 1646 926 1700 Vell.
945 1663 972 1715 p.
986 1661 1017 1700 21
1039 1644 1109 1700 coni.
1128 1645 1169 1698 ad
1184 1650 1300 1698 martem

298 1739 401 1874 eggrsati
421 1803 525 1860 Liuia.
543 1843 550 1858 .
568 1814 649 1858 .tum
674 1802 782 1872 fugiens
806 1820 871 1858 mox
894 1802 978 1858 futuri
1003 1801 1045 1856 sui
1070 1803 1198 1860 Caesaris
1223 1769 1302 1861 aima

298 1891 404 1946 bimum
429 1893 505 1946 hunc
529 1889 669 1946 Tiberium
696 1893 845 1945 Caesarem
865 1899 1057 1959 ...gestans
1082 1889 1106 1944 si
1126 1909 1214 1961 nuper
1237 1892 1302 1948 auia

206 1969 207 1976 '
299 1977 426 2032 itinerum
451 1976 544 2032 uitatis
572 1975 690 2031 militum
718 1975 818 2046 gladiis
846 1993 901 2031 uno
932 1976 1080 2032 comitante
1108 1979 1234 2048 peruenit
1263 1982 1300 2035 ad

299 2083 384 2120 mare.
397 2066 435 2120 Α.

335 2171 413 2207 arma
430 2171 483 2207 nus
500 2152 607 2207 bimum
624 2154 666 2206 P:
692 2152 729 2206 ad
747 2152 823 2222 quod
843 2154 930 2206 Burer
947 2151 1092 2207 adnotauit
1105 2154 1227 2225 ‘exemp
1244 2166 1299 2210 uet.

300 2241 339 2310 (h.
348 2258 371 2294 e.
397 2240 483 2295 codex
509 2239 714 2308 Murbacensis)
745 2238 785 2294 sic
806 2241 891 2295 habet
913 2249 944 2294 ut
972 2240 1121 2308 legendum
1145 2240 1299 2296 existimem

299 2326 426 2383 Caesaris
458 2345 545 2395 arma,
571 2327 648 2382 cuius
672 2326 777 2382 bimum
807 2329 881 2382 hunc
905 2327 1048 2384 Tiberium
1074 2332 1223 2386 Caesarem
1241 2333 1299 2386 &c’

298 2417 360 2472 sinu
372 2434 422 2486 per
432 2418 467 2470 P.

334 2505 377 2557 Ex
395 2496 487 2558 uerbis
507 2501 603 2558 Bureri
622 2513 730 2576 constat
751 2503 777 2557 in
801 2504 982 2560 Murbacensi
1003 2505 1087 2561 fuisse
1107 2517 1173 2561 ante
1195 2508 1299 2562 bt'rnum

297 2589 403 2645 litteras
416 2608 487 2661 quae
507 2591 645 2645 Rhenano
661 2589 737 2645 uisae
750 2590 805 2645 sint
823 2609 886 2660 nus,
900 2595 1005 2647 Burero
1022 2593 1154 2664 reliquiae
1173 2594 1301 2650 uocabuli

297 2677 367 2733 finiti
379 2678 406 2732 in
420 2697 476 2746 -us,
484 2676 672 2732 Amerbachio
685 2677 722 2732 ita
734 2679 869 2733 obscurae
879 2686 908 2733 ut
922 2678 1051 2734 omiserit.
1077 2683 1121 2736 Ex
1132 2680 1171 2736 eis
1184 2681 1299 2736 Vossius

297 2765 361 2820 fecit
380 2769 482 2834 minus,
501 2764 684 2820 Ruhnkenius
697 2783 805 2820 manus.
842 2768 905 2834 Ego
925 2784 988 2821 cum
1010 2766 1037 2820 in
1055 2768 1083 2822 Α
1108 2767 1147 2822 sic
1165 2767 1298 2838 scriptum

509 2867 521 2896 C
996 2867 1061 2894 (ΨΜ

297 2905 465 2962 inuenissem
483 2924 573 2973 arma,
595 2905 649 2959 hoc
672 2924 754 2959 arma
779 2922 812 2959 ac
835 2923 882 2957 ma
903 2903 961 2959 siue
983 2924 1066 2959 arma
1087 2904 1299 2976 interpretabar,

296 3005 409 3064 recepto
427 3003 521 3048 autem
539 3011 594 3046 aus
611 2994 687 3063 quod
707 2993 733 3046 in
750 2994 778 3046 P
792 3001 835 3046 est
853 2992 945 3046 locum
965 2992 1004 3048 sic
1020 2994 1200 3062 rehngebrun,
1212 2995 1298 3047 Liuia

296 3123 303 3137 .
317 3123 324 3136 .
338 3122 344 3135 .
357 3088 417 3136 tum
423 3082 541 3152 fugiens
553 3081 725 3150 maxfuturi
734 3083 782 3134 sui
794 3083 922 3134 Caesaris
933 3099 1016 3134 arma
1028 3099 1061 3136 ac
1072 3099 1182 3137 manus.

333 3171 398 3222 Hoc
411 3167 521 3222 sirecte
540 3176 658 3222 uenatus
675 3185 745 3233 sum,
758 3184 852 3222 rursus
871 3178 986 3237 apparet
1004 3168 1173 3238 praestantia
1186 3169 1245 3222 cod.
1260 3169 1299 3235 A,

296 3273 348 3310 nec
360 3255 452 3309 minus
468 3256 557 3310 elucet
575 3253 718 3323 diligentia
729 3255 915 3320 Amerbachii,
929 3254 976 3325 qui
989 3272 1059 3310 unus
1072 3273 1129 3309 non
1142 3273 1233 3323 arma,
1246 3256 1296 3309 sed

296 3410 310 3447 c
327 3411 412 3463 supra
430 3393 538 3448 adiecta
556 3355 646 3459 aima,
666 3390 816 3459 tradiderit,
836 3392 962 3463 quamuis
984 3392 1090 3448 litteras
1112 3413 1167 3450 aas
1189 3393 1298 3450 insolita

295 3480 395 3535 ductus
412 3479 595 3534 haesitatione
615 3478 743 3534 omiserit.
782 3479 995 3549 Neglegentiam
1015 3491 1088 3536 certe
1105 3499 1162 3536 non
1181 3480 1298 3551 imputa-

295 3566 384 3621 ueris:
417 3566 477 3637 quis
502 3567 577 3621 enim
603 3584 659 3620 non
689 3564 764 3621 uidet
793 3565 877 3621 fuisse
902 3566 929 3621 in
955 3567 1135 3624 Murbacensi
1159 3568 1297 3624 distractis

296 3654 439 3710 uocabulis
448 3655 474 3708 id
485 3656 557 3726 quod
564 3654 766 3710 Amerbachius
774 3655 850 3710 dedit
858 3659 1052 3727 sz'napermon
1062 3658 1136 3728 quod
1143 3659 1296 3714 Rhenanus

296 3759 330 3795 ex
343 3759 393 3796 sua
405 3742 600 3798 emendatione
612 3745 679 3796 sinu
686 3744 764 3812 per?

332 3832 399 3884 Non
411 3832 528 3885 multum
541 3829 605 3884 huic
617 3830 713 3901 dispar
725 3828 846 3964 casu6s8in
860 3833 902 3898 76.
919 3847 929 3886 1
944 3831 1045 3886 accidit
1058 3831 1105 3888 ubi
1116 3832 1174 3888 ΑΡ
1190 3833 1296 3888 habent

771 3927 781 3962 ι
