3010 4520
600 445 730 505 LIBER
751 447 784 507 ΙΙ

196 607 327 686 recipere
350 629 383 670 se
410 623 601 688 negauerunt,
625 611 701 674 sicut
725 615 879 690 quondam
904 615 1033 678 Caudini
1055 617 1193 690 fecerant,

196 705 330 768 dicentes
350 707 501 785 publicam
524 708 715 776 uiolationem
737 711 808 772 fidei
828 733 891 774 non
913 713 1023 776 debere
1044 714 1135 778 unius
1153 715 1195 777 lui

196 805 346 883 sanguine.

238 906 396 965 inmanem
417 904 531 966 deditio
553 905 689 966 Mancini
708 905 834 968 ciuitatis
856 907 951 969 mouit
968 907 1227 972 dissensionem

168 1023 181 1073 5
196 1001 308 1080 quippe
327 1002 465 1064 Tiberius
485 1006 646 1077 Gracchus,
662 1004 764 1066 Tiberi
787 1006 916 1068 Gracchi
934 1007 1088 1069 clarissimi
1105 1019 1196 1087 atque

196 1099 422 1161 eminentissimi
449 1101 504 1162 uiri
531 1101 617 1175 filius,
647 1105 678 1161 P.
705 1101 837 1162 Africani
861 1122 897 1164 ex
924 1103 984 1168 fllia
1005 1125 1109 1183 nepos,
1135 1126 1197 1184 quo

196 1195 353 1275 quaestore
374 1210 406 1260 et
426 1210 547 1260 auctore
569 1199 601 1260 id
622 1201 729 1260 foedus
753 1199 846 1262 ictum
870 1211 940 1275 erat,
964 1223 1046 1264 nunc
1069 1203 1223 1280 grauitera

195 1297 293 1356 terens
311 1296 425 1374 aliquid
438 1315 457 1356 a
471 1316 502 1358 se
517 1299 628 1358 sactum
647 1296 796 1370 infirmari,
812 1318 893 1360 nunc
912 1298 1016 1360 similis
1035 1302 1084 1362 uel
1104 1300 1196 1362 iudici

196 1395 244 1454 uel
271 1414 387 1471 poenae
412 1405 548 1454 metuens
576 1393 744 1468 discrimen,
770 1395 906 1458 tribunus
936 1399 975 1474 pl.
1002 1409 1126 1472 creatus,
1151 1399 1196 1458 uir

152 1513 183 1548 ro
195 1491 307 1568 alioqui
316 1491 377 1550 uita
387 1491 657 1565 innocentissimus,
667 1491 787 1569 ingenio
798 1493 1032 1568 florentissimus,
1042 1496 1195 1573 proposito

195 1583 407 1660 sanctissimus,
431 1586 519 1648 tantis
544 1588 674 1665 denique
694 1591 857 1651 adornatus
877 1590 1046 1665 uirtutibus,
1070 1605 1196 1670 quantas

196 1685 326 1761 perlecta
349 1695 379 1744 et
403 1695 508 1746 natura
532 1696 561 1745 et
589 1685 733 1746 industria
760 1687 892 1748 mortalis
919 1688 1059 1750 condicio
1082 1688 1193 1767 recipit,

198 1785 229 1843 P.
248 1781 353 1842 Mucio
373 1784 516 1844 Scaevola
537 1785 569 1842 L
592 1783 755 1860 Calpurnio
776 1785 948 1846 consulibus
969 1786 1079 1868 abhinc
1100 1807 1195 1874 armos

196 1897 282 1942 cuxrr
303 1879 428 1940 desciuit
449 1900 467 1940 a
489 1879 586 1953 bonis,
601 1881 809 1960 pollicitusque
831 1882 886 1944 toti
909 1884 1012 1946 Italiae
1034 1884 1223 1960 ciuitatems

155 2001 184 2051 15
197 1978 285 2040 simul
304 1977 393 2038 etiam
411 1977 603 2056 promulgatis
625 1979 744 2056 agrariis
764 1980 887 2057 legibus,
903 1981 1044 2042 omnibus
1058 1985 1195 2046 †factum

196 2075 486 2152 concupiscentibus,
510 2096 627 2136 summa
651 2075 718 2137 imis
743 2077 861 2138 miscuit
889 2090 919 2140 et
946 2078 978 2139 in
1004 2092 1195 2158 praeruptum

194 2188 285 2252 atque
298 2193 408 2250 anceps
425 2172 590 2260 periculum
608 2172 733 2234 adduxit
750 2195 813 2234 rem
831 2175 992 2254 publicam,
1007 2163 1195 2256 Octauioque

194 2277 326 2351 collegae
339 2292 393 2351 pro
407 2273 490 2333 bono
503 2272 626 2363 publico
640 2273 729 2334 stanti
743 2273 900 2352 imperium
918 2275 1081 2353 abrogauit,
1096 2275 1196 2338 trium·

194 2372 275 2434 uiros
296 2371 372 2449 agris
400 2371 462 2432 diui
479 2383 542 2462 W'W
597 2372 784 2450 coloniisque
812 2373 998 2434 deducendis
1024 2375 1135 2436 creauit
1163 2396 1195 2436 se

152 2499 182 2534 ιο
195 2489 391 2548 socerumque
413 2453 717 2542 suuni3³⁵ionsulmem
738 2469 881 2546 Appium,
895 2481 925 2530 et
946 2469 1056 2534 Gaium
1076 2474 1193 2534 fratrem

194 2570 360 2652 admodum
374 2566 522 2626 iuuenem

235 2669 315 2727 Tum
336 2668 368 2724 P.
392 2663 494 2742 Scipio
518 2663 635 2737 Nasica,
662 2663 725 2724 eius
749 2664 802 2740 qui
825 2664 956 2742 optimus
979 2665 1025 2746 uir
1047 2685 1066 2727 a
1090 2667 1225 2727 senatui

194 2762 341 2826 iudicatus
356 2773 425 2835 erat,
441 2779 545 2838 nepos,
560 2761 624 2822 eius
643 2761 701 2838 qui·
714 2781 821 2823 censor
840 2762 973 2840 porticus
991 2763 1023 2824 in
1045 2763 1194 2842 Capitolio

195 2863 312 2934 iecerat,
338 2858 424 2932 lilius,
450 2879 600 2936 pronepos
621 2870 721 2920 autem
747 2861 803 2920 Cn.
829 2859 985 2937 Scipionis,
1011 2859 1194 2922 celeberrimi

152 2981 182 3030 ²5
195 2957 250 3018 uiri
268 2960 299 3017 P.
316 2956 447 3017 Africani
464 2955 569 3033 patrui,
584 2956 610 3018 is
625 2956 817 3034 priuatusque
836 2968 866 3019 et
884 2969 1009 3035 togatus,
1025 2978 1094 3020 cum
1116 2971 1195 3020 esset

230 3127 241 3160 1
259 3111 441 3172 leceruntAP,
456 3127 502 3160 em.
514 3111 635 3160 Heinsius
726 3125 742 3174 5
759 3109 814 3161 Tib.
827 3109 867 3160 P:
878 3111 992 3174 Tempus
1000 3113 1035 3176 A,
1049 3112 1120 3175 quod
1128 3113 1193 3162 m'alae-

194 3184 239 3226 tur
247 3193 296 3227 esre
306 3176 345 3226 Ti.
355 3177 524 3238 Sempronius
585 3177 732 3226 Graacchus
744 3177 862 3240 (sedpast
872 3193 971 3226 erasum
982 3180 1104 3240 graccho)
1115 3179 1193 3231 Tibur

1179 3257 1193 3286 ἃ

194 3293 322 3343 GracciA
404 3293 518 3354 ὅςιος,
531 3291 644 3355 qqu(
665 3293 689 3357 ’>
771 3308 788 3354 9
805 3293 945 3342 intuensA
1023 3309 1054 3355 14
1070 3293 1194 3346 desciuit«

193 3361 219 3407 A
234 3360 287 3424 (sic)
362 3371 392 3418 15
410 3357 503 3406 iactum
515 3359 559 3406 A:
581 3364 677 3406 statum
687 3358 728 3406 P:
745 3359 830 3407 statim
844 3359 954 3407 Galenrics
964 3377 970 3408 :
980 3359 1041 3419 sort.
1056 3361 1192 3410 certiorem

194 3432 288 3474 statum
349 3423 504 3472 Sententiam
515 3423 612 3471 Boecler
625 3423 754 3486 explicanti
769 3441 799 3472 ex
810 3424 857 3475 ca.
870 3423 933 3473 Sesr.
947 3425 986 3484 48.
1001 3439 1048 3486 103
1057 3425 1193 3487 Agrariam

194 3490 232 3542 Ti.
245 3490 377 3540 Gracchus
393 3489 477 3550 legem
495 3488 609 3537 serebat:
635 3495 709 3550 grata
726 3497 781 3537 erat
799 3489 913 3552 populo:
936 3489 1054 3539 fortunae
1070 3492 1193 3542 constitui

194 3557 338 3605 tenuiorum
353 3555 513 3616 uidebantur,
527 3559 549 3600 ct
563 3553 620 3604 Val.
633 3555 659 3604 ii.
672 3569 711 3616 qa.
723 3567 739 3616 5
756 3554 853 3603 nullum
870 3555 1021 3603 habentibus
1031 3563 1126 3606 statum
1137 3558 1192 3618 qui-

194 3622 256 3672 libet
273 3623 326 3671 dux
343 3627 399 3670 erat
422 3621 528 3668 idoneus
629 3634 657 3681 17
675 3622 758 3681 adque
771 3621 796 3669 A
906 3620 936 3668 18
953 3621 1068 3683 publicos
1085 3624 1148 3672 tanti
1165 3624 1191 3670 A

194 3688 247 3738 abr.
260 3687 299 3736 P:
325 3687 460 3749 adrogauit
476 3685 527 3733 BA
601 3686 743 3748 triumphet
762 3687 788 3750 (e
805 3685 903 3746 sacena)
922 3685 1061 3736 triumuiro.
1080 3688 1151 3738 sanis
1164 3688 1190 3734 A

193 3753 248 3866 {sb
350 3767 380 3814 19
397 3751 546 3811 colonisque
557 3751 658 3815 Llpsrns
755 3765 788 3800 ao
805 3758 832 3800 et
843 3752 987 3801 Gracchum
1001 3753 1141 3817 (Grachum
1152 3751 1193 3814 Α)

203 3825 298 3867 ratrem
310 3817 369 3881 ΑΡ,
381 3832 440 3866 corr.
453 3815 535 3864 Halm
638 3833 669 3876 ²4
686 3816 755 3881 se(oe
767 3817 879 3881 A)cerat
889 3813 957 3868 AP:
974 3826 1082 3868 uouerat
1093 3817 1192 3873 Bentley

194 3899 225 3945 25
242 3892 348 3946 patruus
359 3882 427 3931 AP:
443 3881 528 3945 patrui
540 3882 563 3930 is
573 3881 664 3946 Aldus,
678 3883 708 3944 cf.
722 3883 747 3933 ii.
759 3899 783 3943 4.
797 3898 809 3930 1

683 3993 710 4028 21
