3024 4568
420 450 466 514 IN
487 451 708 514 VELLEIVM
730 453 1019 516 PATERCVLVM

219 620 335 672 muniri.
373 621 464 690 Atque
484 620 543 689 ipse
561 619 688 674 Tiberius
707 621 872 675 describitur
887 635 944 690 113.
958 635 973 675 2
987 624 1073 676 utilia
1090 625 1219 693 speciosis

213 706 384 775 praestrens.

253 809 298 846 112
311 808 327 860 3
346 810 411 862 pars
424 793 559 848 exercitus
571 811 668 848 eorum
683 794 824 865 proposita
837 794 889 865 ipsi
904 795 968 850 duci
980 807 1008 851 et
1026 798 1062 851 ad
1075 796 1219 852 arbitrium

218 878 384 948 ducis·(del.)
402 879 603 950 utilitatemque
622 892 767 936 nostram.
782 894 962 937 ..macerata
981 885 1170 955 perductaque
1182 887 1220 940 ad

216 964 382 1020 exitiabilem
394 968 497 1021 famem
513 985 604 1038 neque
622 967 769 1023 instantem
787 968 922 1024 sustinere
939 988 1030 1040 neque
1047 981 1077 1026 ut
1093 970 1219 1026 iacienti-

604 1081 606 1088 ·
620 1091 624 1101 ,
849 1069 875 1096 ac
884 1069 927 1096 iam

216 1103 267 1156 bus
281 1102 390 1172 copiam
403 1103 545 1173 pugnandi
559 1103 745 1174 derigentibus
758 1124 829 1176 quae
843 1106 931 1162 aciem
944 1126 1013 1162 ausa
1025 1109 1165 1178 congredi.
1178 1111 1217 1165 A.

252 1188 488 1260 dirigentibusque
501 1190 585 1245 etiam
596 1193 630 1258 P,
644 1202 671 1246 et
685 1191 712 1246 in
725 1211 812 1260 marg.
827 1193 910 1248 ‘alias
924 1194 1028 1250 aciem.¹

251 1278 350 1346 Neque
367 1295 436 1331 cum
446 1280 621 1350 facientibus
640 1281 789 1348 Ruhnken,
808 1282 882 1351 quod
897 1282 999 1352 recepit
1015 1282 1131 1340 Kritzius
1145 1296 1217 1339 tam·

216 1381 300 1434 quam
313 1383 347 1418 ex
360 1365 524 1435 compendio
537 1375 570 1420 cu
583 1379 673 1422 ortum
685 1367 764 1422 luerit
779 1374 816 1422 ut.
857 1370 890 1423 ld
903 1379 932 1423 ut
945 1371 1028 1424 ualde
1041 1370 1137 1425 dubito
1150 1389 1217 1425 num

216 1451 254 1506 ita
261 1453 366 1508 facturn
374 1452 416 1519 sit,
427 1452 466 1507 sic
479 1455 567 1507 multa
580 1465 643 1509 sunt
654 1454 813 1511 huiusmodi
826 1454 853 1510 in
866 1456 986 1512 editione
996 1456 1136 1512 Kritziana
1146 1475 1218 1528 quae

216 1539 447 1608 palaeographiae
467 1558 570 1594 nomen
596 1559 661 1610 prae
690 1559 719 1596 se
747 1543 846 1608 ferant,
871 1561 969 1597 reuera
999 1544 1218 1615 palaeographia

215 1637 327 1680 auctore
340 1625 542 1682 destituantur:
563 1629 637 1682 uelut
654 1645 689 1684 ne
704 1630 758 1683 hoc
776 1629 887 1699 quidem
901 1629 968 1683 mihi
981 1631 1124 1700 persuasit,
1138 1634 1217 1686 utili-

214 1719 300 1767 tatem
322 1713 388 1769 illud
407 1717 482 1784 quod
502 1714 529 1768 in
548 1717 602 1770 hoc
620 1714 681 1786 ipso
700 1716 761 1769 loco
780 1717 838 1769 ΑΡ
855 1716 984 1772 exhibent
1000 1717 1051 1787 (ad
1063 1719 1216 1772 arbitrium

215 1803 419 1872 utilitatemque
442 1803 579 1872 nostram)
605 1820 655 1872 per
679 1803 875 1873 compendium
900 1805 1042 1874 quoddam
1065 1805 1217 1876 scripturae

215 1905 265 1956 pro
278 1906 312 1942 eo
325 1890 400 1958 quod
419 1907 515 1943 uerum
528 1898 587 1943 erat
606 1891 787 1956 uoluntatem,
802 1900 945 1945 exaratum
964 1910 1033 1946 esse.
1071 1895 1146 1946 Nam
1163 1910 1217 1946 nec

213 1976 306 2044 placet
331 1975 491 2045 tautologia,
517 1994 569 2030 nec
594 1975 652 2030 sine
676 1976 876 2046 significatione
906 1988 948 2032 est
973 1979 1133 2046 utilitatem,
1159 1978 1216 2033 siue

214 2061 336 2116 Romani
349 2064 385 2117 ad
398 2061 541 2117 arbitrium
554 2081 635 2117 suurn
648 2081 700 2118 nec
713 2063 781 2118 citra
793 2063 821 2117 id
831 2065 906 2134 quod
917 2064 969 2120 sibi
981 2065 1109 2136 expedire
1122 2067 1217 2120 crede·

213 2152 280 2205 bant
295 2149 500 2204 Pannoniorum
513 2150 664 2205 exercitum
680 2152 859 2206 macerabant
872 2162 900 2206 et
913 2153 950 2206 ad
967 2153 1070 2206 famem
1083 2154 1214 2222 perduce-

212 2239 290 2305 bant,
301 2236 359 2293 siue
372 2237 475 2307 scripto
488 2239 562 2308 quod
570 2237 773 2293 Amerbachius
786 2238 862 2310 prius
873 2250 1000 2294 exararat
1013 2240 1053 2293 aei
1063 2242 1215 2294 arbitrium

211 2327 290 2380 ducis
302 2327 356 2379 hoc
375 2325 425 2380 sibi
438 2324 596 2395 oppositum
615 2327 700 2380 habet
713 2344 763 2380 ceu
781 2326 923 2381 diuersum
942 2327 1044 2397 aliquid
1063 2329 1215 2381 utilitatem

212 2412 310 2483 reliqui
328 2412 471 2467 exercitus.
524 2414 582 2466 106.
605 2427 616 2466 1
638 2418 735 2482 saepta
752 2413 883 2484 fulgenti
904 2421 1069 2483 armataque
1089 2415 1214 2468 militum

212 2507 372 2554 nostrorum
391 2502 504 2570 agmine
522 2505 588 2553 anie
605 2503 785 2569 zmperatoris
796 2503 950 2570 procubuit
967 2503 1101 2555 tribunal.

203 2600 206 2606 ’
247 2588 293 2642 Ad
307 2587 352 2641 illa
372 2596 402 2640 ut
422 2587 535 2640 redeam
552 2604 638 2656 neque
657 2593 690 2640 ut
699 2587 878 2656 flectentibus,
897 2587 936 2641 sic
956 2587 1121 2657 interpretor
1137 2598 1166 2642 ut
1180 2587 1215 2642 sit

214 2679 261 2730 ‘as
280 2673 369 2742 might
388 2675 459 2727 have
479 2674 548 2727 been
565 2675 698 2743 expected
717 2676 798 2727 when
817 2675 882 2742 they
895 2674 1000 2729 offered
1018 2676 1094 2729 them
1114 2676 1215 2729 battle’
1285 2689 1286 2692 ’

212 2762 245 2815 ὡς
256 2761 283 2814 ἐς
300 2762 384 2828 μάχην
408 2761 641 2829 προκαλουμένοις;
667 2761 702 2814 de
719 2777 774 2830 quo
794 2777 844 2813 usu
862 2759 1012 2830 particulae
1032 2761 1064 2815 cf.
1079 2760 1215 2830 Draegeri

212 2849 290 2916 Synt.
312 2849 370 2901 Lat.
388 2845 412 2899 ii
431 2863 457 2915 p.
477 2847 536 2914 609.
581 2849 625 2899 Ex
644 2845 822 2917 sequentibus
840 2849 911 2902 haec
929 2866 1002 2902 nunc
1022 2847 1119 2903 elicio:
1139 2849 1215 2902 deri·

207 2934 390 3005 gentibusque
406 2936 464 2986 iam
477 2935 571 3002 aciem,
585 2933 665 2989 aliter
680 2945 763 3004 atque
779 2935 807 2988 in
820 2934 1000 2989 adnotatione
1014 2934 1108 2990 critica
1120 2953 1146 3006 p.
1164 2951 1213 2990 122

212 3021 406 3076 coniecturam.

247 3123 320 3176 1124
339 3107 441 3179 quippe
461 3126 594 3178 magnam
616 3111 757 3164 Thracum
779 3127 863 3163 manu
885 3109 983 3164 iunctis
1006 3109 1080 3180 (del.)
1104 3110 1212 3165 iunctus

211 3195 350 3266 predictus
371 3195 487 3250 ducibus
506 3198 617 3250 Rhomo
639 3207 666 3251 et
685 3198 769 3252 Alces
791 3196 910 3251 Thracie
933 3215 980 3251 rex
999 3197 1027 3252 in
1045 3197 1212 3253 adiutorium

209 3283 268 3338 eius
281 3283 346 3338 belli
358 3301 453 3337 secum
465 3285 602 3338 trahebat.
615 3285 653 3338 A.

245 3387 348 3438 magna
360 3371 421 3424 PB.
481 3369 634 3438 uinctusP,
653 3387 708 3424 nan
721 3373 757 3424 B.
821 3370 1040 3442 praedictisPB.
1099 3373 1212 3427 Rhomo

209 3468 236 3512 et
249 3458 333 3511 Alces
350 3459 411 3523 PB,
430 3458 480 3511 sed
495 3457 649 3511 Rhenanus
660 3462 692 3529 p.
706 3471 741 3525 70
759 3459 889 3512 editionis
900 3462 1045 3530 pm'rtcz‘pis
1063 3461 1213 3515 aduolauit

209 3545 286 3613 ‘lege
299 3545 528 3598 Rhoemetalces.’

246 3632 330 3701 Quod
349 3632 501 3686 Rhenanus
519 3630 546 3684 in
566 3649 653 3701 marg.
672 3632 788 3687 correxit
807 3650 949 3704 magnam,
963 3633 991 3688 id
1009 3633 1095 3688 miror
1112 3637 1211 3690 Amer-

209 3717 339 3774 bachium
352 3729 495 3788 tamquam
508 3736 540 3772 ex
555 3718 734 3773 Murbacensi
747 3719 774 3773 in
787 3720 968 3790 apographon
982 3738 1063 3774 suurn
1076 3719 1210 3789 intulisse,

209 3805 372 3877 praesertim
386 3815 520 3876 sequente
531 3823 627 3872 manu,
641 3823 697 3860 non
710 3823 842 3862 manum:
856 3808 926 3862 solet
939 3806 1013 3862 enim
1026 3806 1072 3862 hic
1084 3807 1209 3864 codicem

687 3935 734 3987 179
1033 3911 1086 3972 12*
