2996 4520
598 437 753 495 VELLEI
776 437 1016 498 PATERCVLI

308 603 478 682 proscriptis
492 603 624 680 aliisque,
640 601 692 680 qui
705 605 744 664 ad
759 623 828 663 eum
847 622 883 662 ex
901 602 1025 663 diuersis
1047 601 1142 663 causis
1164 604 1307 680 fugerant,

279 734 294 783 3
309 702 436 764 reditum
451 706 637 779 salutemque
651 713 754 779 pactus
766 713 827 762 est:
849 721 925 779 quae
940 723 985 762 res
1000 713 1029 762 et
1042 701 1116 762 alios
1131 701 1308 763 clarissimos

308 801 387 861 uiros
411 813 441 861 et
469 805 621 862 Neronem
646 799 806 862 Claudiurn
831 811 861 860 et
886 801 928 860 M.
955 797 1088 860 Silanum
1113 799 1308 876 Sentiumque

308 899 499 961 Saturninum
520 912 551 961 et
571 901 744 962 Arruntium
764 920 800 962 ac
820 900 933 962 Titium
956 901 1081 965 restituit
1101 901 1305 979 reipublicae.

308 996 435 1056 Statium
456 1009 556 1058 autern
579 1000 727 1080 Murcum,
750 998 801 1076 qui
822 1001 955 1059 aduentu
977 1019 1031 1059 suo
1053 998 1213 1076 classisque
1235 1000 1338 1070 cele-5

308 1094 451 1156 berrimae
474 1095 550 1156 uires
573 1096 636 1157 eius
655 1097 865 1175 duplicauerat,
888 1096 1090 1157 insimulatum
1113 1096 1192 1156 falsis
1214 1096 1308 1156 crimi-

308 1192 486 1267 nationibus,
516 1193 586 1271 quia
613 1197 701 1256 talem
736 1195 834 1254 uimm
868 1198 1012 1272 collegam
1040 1194 1129 1255 officii
1158 1197 1251 1255 Mena
1278 1207 1308 1256 et

309 1292 495 1352 Menecrates
510 1294 699 1369 fastidierant,
716 1294 876 1372 Pompeius
891 1294 922 1354 in
937 1293 1035 1354 Sicilia
1049 1293 1240 1354 interfecerat

254 1391 293 1463 78
349 1392 420 1450 Hoc
458 1403 551 1452 tractu
584 1403 752 1470 temporum
791 1390 956 1465 Octauiam,
993 1411 1123 1451 sororem
1162 1390 1305 1462 Caesaris,

308 1490 351 1547 M.
380 1488 530 1549 Antonius
558 1489 642 1550 duxit
669 1509 799 1549 uxorem.
843 1487 994 1549 †redierat
1021 1487 1182 1565 Pompeius
1207 1487 1237 1546 in
1266 1487 1307 1548 Si·
1322 1511 1358 1546 ιο

305 1584 413 1659 ciliam,
439 1585 589 1656 Antonius
611 1586 642 1646 in
667 1585 874 1646 transmarinas
897 1584 1073 1662 prouincias,
1097 1605 1171 1661 quas
1192 1584 1307 1662 magnis

307 1683 466 1743 momentis
477 1683 636 1757 Labienus,
647 1705 683 1744 ex
694 1683 841 1743 Brutianis
853 1683 953 1743 castris
964 1686 1113 1760 profectus
1123 1685 1163 1743 ad
1172 1685 1304 1756 Parthos,

306 1783 450 1856 perducto
478 1801 581 1841 eorum
609 1781 737 1842 exercitu
766 1780 796 1840 in
828 1779 940 1857 Syriam
968 1779 1182 1857 interfectoque
1209 1783 1307 1857 legato

306 1876 421 1937 Antoni
436 1889 642 1938 concusserat:
665 1877 717 1955 qui
731 1877 839 1938 uirtute
859 1889 889 1937 et
908 1880 1000 1938 ductu
1015 1876 1136 1938 Ventidi
1156 1897 1217 1937 una
1237 1897 1307 1936 cum

306 1976 482 2035 Parthorum
510 1973 604 2052 copiis
631 1974 883 2052 celeberrimoque
910 1973 1052 2034 iuuenum
1081 1978 1203 2046 Pacoro,
1232 1973 1307 2050 regis
1323 2000 1356 2050 15

278 2072 375 2146 ofilio,
392 2073 552 2132 exstinctus
573 2083 625 2133 est.
669 2072 813 2136 †interim
828 2074 938 2134 Caesar
956 2092 1008 2149 per
1022 2074 1096 2132 haec
1110 2082 1252 2148 tempora,
1268 2091 1307 2131 ne

306 2189 351 2229 res
380 2168 554 2246 disciplinae
581 2168 792 2242 inimicissima,
822 2169 925 2252 otium,
949 2179 1149 2245 corrumperet
1172 2167 1304 2241 militem,

306 2266 414 2327 crebris
441 2266 473 2326 in
502 2265 620 2342 Illyrico
649 2266 858 2344 Delmatiaque
892 2265 1130 2344 expeditionibus
1165 2265 1307 2343 patientia

278 2389 292 2438 3
305 2365 503 2442 periculorum
518 2363 647 2441 bellique
662 2363 842 2441 experientia
855 2364 980 2425 durabat
994 2363 1162 2424 exercitum.
1200 2367 1304 2424 eadem

305 2474 480 2540 tempestate
500 2461 642 2524 Caluinus
663 2461 822 2535 Domitius,
838 2483 907 2522 cum
926 2483 962 2523 ex
983 2464 1138 2522 consulatu
1160 2461 1306 2523 obtineret
1322 2491 1354 2524 ιο

306 2560 494 2638 Hispaniam,
530 2559 694 2637 grauissimi
729 2560 981 2638 comparandique
1015 2559 1144 2638 antiquis
1179 2560 1305 2637 exempli

305 2671 408 2719 auctor
421 2657 493 2718 fuit:
515 2658 626 2735 quippe
640 2658 727 2735 primi
740 2658 793 2736 pili
804 2657 1007 2718 centurionem
1019 2658 1142 2719 nomine
1151 2657 1304 2718 Vibillium

305 2757 346 2817 ob
361 2767 476 2832 turpem
491 2775 527 2815 ex
541 2754 604 2815 acie
618 2757 718 2832 fugam
733 2755 802 2815 fusti
816 2755 967 2833 percussit.

338 2912 486 2973 3Silanum
503 2909 571 2961 BA:
596 2911 729 2973 Syllanum
745 2910 772 2958 P
846 2911 1013 2973 Sentiumque
1030 2911 1070 2961 P:
1095 2913 1212 2962 Sentium
1223 2911 1285 2973 q.A
1299 2930 1306 2960 t

307 2979 423 3027 Sentium
437 2977 467 3037 Q.
479 2976 505 3023 Β
602 2993 617 3037 4
634 2977 786 3024 Arruntium
797 2977 887 3025 Orelli:
904 2978 1052 3025 Atruntium
1063 2977 1149 3042 (cium
1159 2977 1220 3040 BA)
1230 2975 1309 3025 BAP

306 3043 438 3103 5Staium
449 3041 517 3090 AP:
535 3041 645 3090 Statium
661 3043 783 3090 Vrsinus·
813 3041 1010 3090 celeberrimeA
1111 3044 1306 3091 8Menecrates

308 3109 435 3157 Gelenius:
462 3107 681 3156 MenocratesA:
707 3107 889 3158 MenocresP:
917 3108 1134 3157 MenotradesB:
1161 3110 1306 3157 Mencrates

307 3174 428 3237 maeg.P
496 3189 527 3221 10
544 3174 655 3221 redierat
667 3173 753 3221 om.A
831 3189 860 3220 12
877 3175 1012 3222 momentis
1024 3174 1084 3235 ΑΡ,
1096 3174 1165 3236 quod
1173 3175 1306 3222 uindimuit

309 3239 337 3290 G.
350 3240 386 3289 A.
399 3238 482 3286 Koch:
500 3239 651 3286 molimentis
663 3238 787 3286 Ruhnken
867 3255 896 3300 13
914 3240 1038 3301 perducto
1049 3239 1162 3288 Anniam
1175 3240 1211 3286 ad
1217 3240 1304 3290 Aurel.

311 3307 367 3354 Vici.
380 3305 465 3353 denir.
477 3304 511 3352 ill.
522 3319 558 3352 11:
575 3304 762 3365 productoAP
828 3320 857 3364 14
868 3305 976 3352 Antonii
984 3304 1039 3351 ΑΡ
1069 3305 1131 3353 Post
1142 3311 1306 3353 concusserat

306 3369 527 3420 erasumesiinA
541 3376 568 3417 et
584 3371 660 3418 ductu
672 3385 723 3417 uen
780 3369 857 3417 Venti
878 3371 964 3418 diuina
983 3369 1077 3418 cumA
1144 3373 1174 3417 16
1190 3377 1242 3418 ext.
1254 3368 1309 3417 ΑΡ

584 3436 686 3483 interim
703 3435 799 3482 Caesar
815 3450 863 3497 per
878 3437 926 3484 hec
943 3443 1059 3497 tempora
1069 3435 1096 3484 A
1113 3437 1123 3496 (
1143 3437 1181 3498 '):
1206 3437 1304 3483 interim

308 3517 355 3564 per
376 3501 433 3548 haec
456 3509 474 3550 t.
498 3500 524 3547 P
581 3500 682 3549 Vr'eletur
699 3501 801 3548 interim
824 3502 910 3563 pn'mo
934 3501 1048 3549 addrlmn
1072 3507 1204 3563 tamquam
1221 3502 1306 3564 glossa

307 3582 371 3629 quae
380 3566 506 3627 explicaret
522 3582 570 3627 per
582 3567 646 3614 baec
657 3573 774 3627 tempora
782 3571 867 3628 postea
878 3567 904 3614 in
919 3572 1013 3614 lenum
1030 3567 1162 3628 inrepsisse,
1176 3567 1211 3613 ita
1223 3572 1305 3613 lamen

307 3632 372 3680 utin
386 3631 540 3678 Murbacensi
553 3632 611 3679 ordo
627 3633 757 3680 uerborum
773 3633 877 3679 siranus
884 3633 955 3693 fieret
1052 3647 1084 3679 aa
1100 3632 1149 3680 tuit
1160 3639 1249 3680 auctor
1259 3631 1306 3680 suit

307 3697 333 3744 A
348 3696 401 3759 (sic)
452 3697 571 3758 primipili
582 3697 637 3744 ΑΡ
683 3697 812 3745 Vibillium
824 3696 874 3743 BA
886 3716 892 3746 ι
914 3697 1076 3745 lubilliumP
1128 3712 1160 3757 23
1173 3704 1306 3759 opturpem

308 3762 333 3808 A
402 3761 461 3811 fusti
473 3761 527 3808 AB
537 3767 560 3809 el
570 3762 603 3812 ed.
612 3770 651 3824 pr.
666 3761 710 3821 (P)
723 3764 817 3824 aliquot
831 3763 992 3825 exemplan'a:
1010 3763 1077 3810 suste
1094 3763 1128 3812 ed.
1142 3771 1183 3824 pr,
1192 3763 1308 3825 pleraque

308 3828 463 3890 exemplaria,
476 3828 500 3874 si
508 3828 606 3888 quidem
619 3834 640 3874 et
650 3829 676 3875 in
688 3828 890 3889 Hauerfieldiano
902 3845 949 3890 quo
962 3844 1023 3875 usus
1036 3844 1095 3875 sum
1108 3833 1130 3875 et
1140 3827 1275 3876 Bodleiano
1285 3832 1307 3874 el

308 3894 404 3941 duobus
418 3893 440 3941 T
439 3893 585 3942 un'censibus
594 3899 617 3942 et
627 3895 759 3942 Meien'ano
769 3899 792 3942 et
801 3893 955 3942 Berolinensi
963 3894 998 3940 sic
1006 3895 1122 3956 scriptum
1134 3899 1168 3941 est

746 3987 821 4036 .9,
