3024 4568
505 451 851 530 connn'nrnnivs
874 469 1072 540 carncvs

289 648 398 686 summa
411 650 474 687 cum
487 633 542 688 fide
555 625 769 703 repraesent'are.
807 636 863 690 Sed
877 634 934 691 siue
947 653 1054 707 magno
1067 635 1094 690 in
1109 633 1290 690 Murbacensi

287 718 338 774 fuit
356 719 415 774 siue
433 739 576 791 magnum,
598 720 643 776 uix
661 724 746 777 credo
771 731 846 776 recte
868 722 914 777 edi
938 725 972 776 in
997 724 1180 786 adiutorium,
1200 724 1289 777 eccle-

289 806 406 862 siasticis
419 807 507 876 magis
521 808 636 877 dignum
649 827 733 879 quam
754 811 916 864 Paterculo:
941 820 1016 865 certe
1030 809 1134 865 omisso
1146 813 1178 864 iu
1191 809 1288 864 melius

289 893 417 948 latinitati
435 895 591 949 consulitur.

325 984 358 1034 ln
369 982 548 1052 sequentibus
557 983 608 1036 sed
611 985 736 1037 Romani
742 986 837 1039 uc'rtus
844 986 944 1038 militr's
949 985 1017 1054 plus
1025 1001 1055 1038 co
1065 989 1186 1055 tempore
1195 984 1290 1038 uindi-

288 1075 381 1124 catum
395 1071 508 1140 gloriae
523 1088 607 1140 quom
626 1071 741 1124 ducibus
759 1072 876 1140 reliquit
893 1089 981 1141 paene
994 1072 1121 1126 adducor
1132 1081 1162 1125 ut
1176 1071 1289 1125 credam

287 1158 412 1210 Romani
418 1156 463 1210 hic
473 1174 535 1211 esse
544 1157 558 1211 i
568 1175 595 1227 q.
604 1159 810 1211 Romanorum:
822 1158 855 1211 cf.
867 1158 926 1212 Liu.
937 1157 962 1210 ii.
971 1170 1013 1224 27.
1027 1173 1053 1224 13
1069 1157 1122 1211 viii.
1129 1173 1152 1226 3.
1162 1173 1184 1212 1.
1205 1157 1289 1227 Quod

287 1241 310 1298 si
323 1242 361 1297 ita
373 1253 424 1311 est,
438 1246 537 1298 mr'litis
549 1244 576 1298 in
589 1245 733 1312 militibus,
746 1255 775 1299 ut
788 1244 859 1300 coni
874 1245 991 1314 Lipsius,
1005 1245 1055 1300 erit
1068 1246 1271 1314 retingendum.

322 1332 403 1385 1126
429 1329 594 1401 interempto
629 1332 753 1401 prefecto
783 1331 964 1404 castrorumq.
998 1331 1058 1401 (sic)
1090 1330 1289 1402 praefectisque

287 1417 442 1471 cohortium
473 1435 530 1471 non
561 1417 710 1474 incruentis
735 1418 941 1473 centurionibus
972 1419 1071 1489 quibus
1096 1417 1180 1474 etiam
1208 1416 1290 1488 primi

287 1503 400 1558 ordines
414 1505 548 1560 cecidere.
561 1507 599 1559 A.

324 1590 371 1660 qui
383 1593 424 1645 P:
444 1593 543 1661 quibus
555 1595 640 1646 etium
652 1594 688 1646 B.

323 1678 452 1746 Kritzius,
474 1690 586 1750 recepta
602 1679 726 1734 boecleri
746 1679 943 1734 emendatione
963 1681 1102 1749 equibus,
1125 1688 1290 1749 septemque

288 1764 355 1819 locis
369 1765 495 1834 allegatis
508 1784 541 1820 ex
555 1766 682 1821 Caesaris
697 1769 728 1820 B.
743 1769 785 1832 G,
800 1766 886 1834 Liuio,
901 1767 1027 1822 Frontini
1041 1769 1167 1837 Strateg.‚
1182 1766 1290 1836 Hygini

288 1852 323 1905 de
332 1851 432 1921 Limit,
437 1856 549 1922 primos
556 1847 667 1907 ordines
675 1852 790 1909 credidit
798 1871 859 1908 esse
867 1853 995 1908 ordinum
1005 1855 1135 1909 ductores
1144 1853 1202 1908 siue
1213 1854 1290 1924 ipsos

288 1938 461 1994 centuriones
474 1939 587 2010 primos.
619 1941 676 1996 Sed
689 1958 858 2011 quamquam
870 1943 966 2009 primi
979 1941 1091 1996 ordines
1104 1959 1161 1995 non
1174 1960 1238 1996 raro
1251 1941 1291 1995 sic

287 2024 417 2080 dicuntur
439 2026 489 2096 ipsi
511 2027 686 2082 centuriones
704 2028 751 2081 ubi
773 2029 809 2082 ab
829 2026 889 2081 aliis
910 2027 968 2082 siue
990 2027 1107 2097 singulis
1129 2028 1290 2083 hominibus

286 2111 345 2166 siue
367 2113 514 2181 generibus
536 2114 652 2169 militum
676 2115 879 2182 discernuntur,
899 2116 975 2169 uelut
994 2133 1012 2167 o
1032 2116 1113 2170 Cotta
1130 2118 1291 2186 primisque

288 2199 432 2252 ordinibus
446 2202 478 2252 B.
490 2202 523 2255 G.
534 2219 560 2254 v.
571 2216 613 2268 30,
627 2201 749 2254 tribunis
760 2202 883 2255 militum
891 2204 1048 2271 primisque
1060 2203 1207 2256 ordinibus
1218 2202 1253 2258 vi.
1264 2216 1289 2271 7,

289 2303 351 2340 cum
369 2287 491 2340 tribunis
502 2290 661 2357 primisque
680 2289 824 2341 ordinibus
843 2287 901 2341 Liu.
916 2287 977 2342 xliv.
992 2304 1034 2356 33,
1053 2287 1145 2359 inepte
1165 2289 1290 2345 dicturus

289 2383 348 2426 erat
363 2375 522 2428 Paterculus
539 2375 745 2428 centurionibus
756 2375 882 2444 equibus
895 2379 989 2444 primi
1005 2377 1117 2430 ordines
1128 2378 1252 2445 cecidere,
1266 2376 1290 2432 si

288 2462 399 2514 ordines
416 2460 432 2514 i.
452 2479 478 2531 q.
497 2461 573 2530 ipsos
592 2462 767 2516 centuriones
786 2461 968 2531 significaret:
993 2463 1047 2516 hoc
1066 2462 1141 2517 enim
1162 2463 1228 2533 quid
1247 2475 1290 2518 est

288 2547 363 2603 aliud
376 2565 461 2618 quam
480 2549 685 2602 centurionibus
702 2567 717 2602 e
734 2548 835 2619 quibus
853 2548 936 2618 primi
954 2551 1126 2604 centuriones
1144 2550 1290 2605 cecidere?

290 2635 339 2690 Sin
359 2635 468 2690 Gelenii
492 2647 603 2706 recepta
628 2636 822 2691 emendatione
847 2635 987 2705 scripseris
1012 2637 1220 2690 centurionibus
1240 2639 1294 2706 qui

286 2725 371 2776 etcbm
378 2726 472 2793 primi
482 2725 591 2777 ordinis
602 2724 725 2790 cecidere,
739 2741 791 2778 nec
811 2722 991 2792 tautologiam
1007 2723 1148 2790 admittes,
1162 2733 1189 2778 et
1203 2725 1290 2778 habe-

287 2809 331 2864 bis
343 2808 512 2864 sententiam
522 2819 555 2863 ut
568 2809 755 2879 multomagis
773 2808 957 2880 perspicuam,
972 2809 1009 2863 ita
1022 2810 1158 2863 breuitate
1174 2827 1245 2879 quae
1259 2811 1290 2864 fit

290 2897 384 2951 inlatis
398 2896 489 2951 uerbis
503 2900 596 2966 primi
607 2898 716 2951 ordinis
728 2908 790 2966 post
810 2895 962 2960 relatiuum,
977 2895 1142 2950 concinnam
1161 2896 1289 2964 dignam-

288 3003 341 3055 que
355 2985 507 3038 Paterculo.

324 3088 371 3141 114
387 3086 398 3124 1
420 3070 597 3125 distraximus
610 3071 654 3126 ille
667 3079 809 3126 tantorum
822 3087 936 3124 onerum
949 3070 1029 3124 mole.
1042 3071 1107 3124 ΑΡ.

325 3161 512 3214 di'strum’mus
525 3161 677 3214 Rhenanus
691 3159 807 3213 correxit
820 3157 847 3212 in
860 3160 1099 3222 distractissimus‚
1113 3158 1187 3229 quod
1206 3157 1290 3227 pleri·

289 3266 342 3318 que
367 3259 549 3317 receperunt:
579 3248 700 3303 Heinsio
724 3257 751 3302 et
778 3247 904 3302 Bentleio
928 3247 1031 3318 placuit
1054 3247 1291 3301 districtissimus.

291 3338 401 3390 Incerta
425 3335 468 3403 lis,
493 3353 545 3389 nec
576 3352 648 3405 quae
677 3335 765 3405 possit
792 3352 826 3388 ex
851 3352 907 3388 uno
938 3335 1042 3401 codice,
1074 3350 1162 3403 eoque
1186 3333 1290 3388 totiens

224 3491 226 3496 Δ
290 3425 395 3491 uitiato,
419 3407 534 3500 dirimi.⁸
556 3425 632 3477 Nam
654 3424 677 3477 si
699 3421 752 3476 loci
769 3423 977 3492 perpendantur
996 3421 1108 3489 similes
1128 3431 1158 3476 ut
1177 3421 1235 3475 Cic.
1256 3422 1291 3475 de

292 3515 362 3582 lmp.
383 3513 482 3580 Pomp.
500 3526 524 3576 4.
545 3525 561 3578 9
579 3513 699 3581 ancipiti
714 3512 886 3564 contentione
899 3511 1030 3576 districti,
1044 3510 1080 3564 de
1094 3511 1171 3563 Orat.
1185 3508 1221 3563 iii.
1236 3523 1260 3562 2.
1274 3521 1290 3576 7

290 3600 450 3652 ambitionis
461 3599 555 3652 labore
573 3601 635 3651 uz'ta
658 3600 797 3664 districtu,
819 3597 846 3650 in
865 3597 956 3667 priore
975 3597 1085 3651 codices
1097 3598 1223 3650 districti
1234 3597 1291 3665 (uel

289 3687 426 3753 destricti)
441 3685 534 3754 potius
559 3685 673 3752 habent,
688 3683 842 3751 Fuldensis
856 3684 880 3738 si
894 3683 1006 3738 Baitero
1019 3683 1097 3750 fides,
1109 3683 1249 3750 distracti,
1262 3682 1290 3736 in

290 3773 378 3827 altero
402 3773 532 3826 districta
556 3770 657 3826 dicitur
679 3787 743 3825 esse
761 3769 789 3823 in
808 3770 984 3825 melioribus:
1016 3770 1067 3825 sed
1092 3770 1241 3840 utrubique
1262 3779 1290 3824 et

287 3862 433 3915 distm'cius
458 3868 486 3912 et
503 3860 655 3912 distractus
673 3857 780 3927 legitur.
826 3859 907 3913 Fam.
925 3858 951 3913 ii.
968 3871 1037 3926 15.3
1055 3857 1201 3911 districtus
1220 3855 1293 3910 mibi

768 3956 814 4004 180
