2996 4520
605 433 760 492 VELLEI
783 432 1024 493 PATERCVLI

316 597 427 676 quippe
441 598 590 660 Antonius
605 619 674 658 cum
689 617 748 658 x111
764 598 930 676 legionibus
945 619 1078 677 egressus
1092 598 1265 660 Armeniam
1278 619 1318 660 ac

315 696 426 758 deinde
449 696 584 758 Mediam
606 708 636 756 et
658 717 710 774 per
729 717 778 756 eas
797 695 932 774 regiones
951 699 1076 757 Parthos
1090 708 1194 774 petens
1211 696 1318 756 habuit

289 814 414 871 aregem
429 815 531 854 eorum
546 793 688 854 obuium:
702 793 859 872 primoque
869 795 944 854 duas
955 793 1086 871 legiones
1097 814 1166 854 cum
1175 793 1317 854 omnibus

315 891 536 970 impedimentis
560 891 775 969 tormentisque
799 903 829 952 et
851 891 985 952 Statiano
1006 895 1103 969 legato
1123 891 1229 964 amisit,
1245 911 1317 952 mox

315 989 432 1067 saepius
446 988 509 1066 ipse
524 1010 592 1051 cum
607 1009 726 1050 summo
744 989 834 1050 totius
854 989 996 1050 exercitus
1011 988 1180 1050 discrimine
1194 1010 1230 1050 ea
1242 988 1317 1049 adiit
1333 1007 1346 1052 5

315 1087 453 1164 pericula,
470 1107 488 1144 a
503 1085 612 1164 quibus
626 1086 735 1147 seruari
755 1107 786 1147 se
809 1107 897 1164 posse
916 1089 1132 1164 desperauerat,
1147 1086 1315 1162 amissaque

315 1206 376 1246 non
405 1185 503 1245 minus
532 1196 635 1262 quarta
661 1197 744 1262 parte
772 1184 898 1247 militum
926 1185 1036 1263 captiui
1069 1184 1232 1258 cuiusdam,
1261 1187 1315 1246 sed
1363 1263 1369 1272 ·

316 1283 454 1356 Romani,
478 1282 602 1344 consilio
624 1303 660 1342 ac
684 1285 743 1344 lide
765 1295 897 1344 seruatus
917 1291 965 1356 est,
988 1282 1040 1360 qui
1060 1285 1145 1344 clade
1166 1281 1315 1344 Crassiani

315 1382 458 1444 exercitus
468 1394 651 1460 captus,cum
662 1383 811 1442 fortunam
821 1401 882 1442 non
891 1381 1025 1442 animum
1034 1392 1185 1454 mutasset,
1191 1380 1315 1441 accessit

315 1493 403 1542 nocte
422 1483 461 1540 ad
483 1479 641 1540 stationem
663 1482 832 1540 Romanam
853 1479 1065 1556 praedixitque,
1081 1500 1119 1539 ne
1134 1478 1313 1540 destinatum
1334 1505 1367 1541 ro

314 1576 368 1638 iter
396 1589 538 1655 peterent,
562 1578 615 1636 sed
637 1575 756 1636 diuerso
781 1575 966 1654 siluestrique
991 1573 1083 1658 [loco]
1109 1579 1311 1653 peruaderent

287 1698 300 1746 3
314 1679 373 1737 hoc
389 1679 431 1736 M.
448 1674 581 1736 Antonio
598 1677 691 1743 †acto
705 1674 761 1734 illis
776 1674 941 1751 legionibus
956 1674 1042 1735 saluti
1056 1674 1127 1735 fuit:
1152 1676 1191 1735 de
1206 1673 1313 1751 quibus

315 1787 415 1835 tamen
434 1786 558 1850 totoque
583 1772 710 1834 exercitu
732 1776 813 1834 ha'ud
834 1773 933 1834 minus
957 1794 1024 1851 pars
1047 1783 1158 1850 quarta,
1181 1784 1214 1832 ut
1234 1793 1315 1850 prae-

314 1873 451 1945 diximus,
481 1871 616 1946 militum,
649 1873 788 1933 calonum
825 1871 996 1948 seruitiique
1031 1871 1198 1933 desiderata
1230 1870 1315 1930 tertia

260 1971 263 1980 '
314 1981 377 2043 est,
411 1969 692 2046 impedimentorum
720 1969 770 2028 uix
804 1971 864 2028 ulla
898 1967 1047 2046 superfuit
1103 1970 1182 2028 hanc
1213 1979 1366 2038 tamen15

314 2066 463 2127 Antonius
478 2068 577 2145 lugam
592 2088 685 2140 suam,
698 2067 768 2144 quia
778 2067 864 2128 uiuos
879 2067 995 2140 exierat,
1006 2066 1161 2127 uictoriam
1176 2067 1311 2128 uocabat

315 2164 366 2242 qui
388 2163 472 2224 tertia
493 2176 604 2224 aestate
628 2185 762 2224 reuersus
778 2165 809 2224 in
832 2164 1004 2226 Armeniam
1027 2185 1126 2241 regem
1147 2164 1209 2225 eius
1231 2167 1314 2224 Arta-

315 2263 427 2322 uasden
441 2262 545 2320 fraude
559 2263 718 2338 deceptum
730 2261 850 2335 catenis,
863 2265 924 2336 sed,
937 2283 975 2322 ne
986 2261 1059 2339 quid
1070 2261 1176 2322 honori
1187 2247 1312 2334 deesset,

285 2357 409 2440 4aureis
435 2357 535 2418 uinxit.
579 2370 729 2418 crescente
752 2359 861 2420 deinde
884 2371 913 2419 et
934 2358 1043 2420 amoris
1067 2358 1098 2418 in
1123 2360 1313 2436 Cleopatram

314 2454 454 2515 incendio
474 2466 504 2514 et
522 2453 670 2528 uitiorum,
688 2475 765 2532 quae
787 2476 904 2534 semper
925 2455 1113 2516 facultatibus
1135 2453 1314 2530 licentiaque
1330 2477 1365 2511 20

314 2563 344 2612 et
378 2551 633 2612 adsentationibus
665 2554 791 2625 aluntur,
821 2552 1033 2630 magnitudine,
1063 2553 1174 2612 bellum
1202 2549 1313 2629 patriae

313 2647 419 2709 inferre
447 2647 607 2722 constituit,
631 2669 699 2709 cum
727 2661 796 2710 ante
824 2670 937 2710 nouum
966 2670 998 2711 se
1023 2650 1164 2710 Libemm
1195 2652 1312 2710 Patrem

312 2746 454 2824 appellari
468 2745 607 2820 iussisset,
623 2767 691 2806 cum
706 2746 859 2808 redimitus
874 2747 990 2809 hederis
1005 2759 1184 2825 crocotaque
1198 2750 1312 2808 uelatus

313 2865 402 2904 aurea
416 2856 445 2904 et
459 2846 591 2922 thyrsum
606 2857 711 2905 tenens
725 2844 938 2923 cothurnisque
949 2846 1117 2906 succinctus
1129 2867 1214 2906 curru
1230 2847 1312 2906 uelut

313 2942 403 3002 Liber
417 2945 504 3003 Pater
517 2955 620 3004 uectus
634 2955 712 3004 esset
725 2943 929 3004 Alexandriae.
1327 2966 1356 3013 ²5

260 3041 300 3112 ⁸³
354 3041 436 3099 Inter
459 3041 541 3100 hunc
562 3052 735 3117 apparatum
761 3040 830 3100 belli
855 3043 991 3115 Plancus,
1015 3062 1076 3101 non
1100 3041 1211 3102 iudicio
1234 3053 1313 3102 recta

349 3217 359 3250 1
379 3196 434 3250 ᾗῇ.
448 3200 503 3249 ΑΡ
589 3216 708 3263 egressus
719 3200 787 3250 AP:
807 3202 939 3263 ingressus
952 3202 1064 3251 Gelmius
1154 3219 1170 3265 5
1187 3205 1274 3266 sepius
1284 3203 1311 3253 A

314 3270 330 3316 6
347 3284 362 3315 a
374 3267 431 3316 add.
446 3267 578 3329 Kreyssig:
596 3267 713 3327 equibus
725 3267 845 3316 Heinsius
957 3269 973 3314 8
991 3275 1031 3316 est
1042 3267 1098 3318 add.
1113 3269 1192 3317 Orelli
1297 3287 1313 3332 9

314 3335 415 3382 fortuna
430 3332 467 3381 P:
486 3333 585 3381 fortuna
597 3331 647 3380 BA
735 3347 764 3380 10
782 3332 1019 3393 predestinatumA
1103 3349 1130 3382 11
1150 3334 1311 3396 siluestrique

313 3395 657 3460 loeeperuaderentleeeA
671 3398 740 3460 (siclt
763 3399 1146 3460 siluestriqueperuaderentP
1213 3415 1243 3448 12
1257 3408 1312 3449 acto

313 3463 382 3512 AP:
400 3470 458 3512 octo
469 3463 568 3512 Aldus:
587 3479 616 3511 ac
628 3469 666 3511 tot
678 3463 784 3525 Lipsius,
798 3463 843 3511 sed
852 3463 895 3512 uit
904 3465 965 3512 satis
971 3464 1050 3527 placet
1055 3465 1217 3526 pleonasmus
1227 3467 1265 3513 ille
1275 3473 1313 3514 tot

315 3529 365 3577 illis
456 3545 485 3589 13
503 3529 571 3576 haud
588 3529 631 3588 bis,
643 3529 724 3590 priore
740 3528 813 3576 deluo
828 3529 854 3577 A
957 3545 987 3589 14
1005 3531 1154 3592 seruitiique
1171 3530 1228 3592 ΑΡ,
1248 3531 1316 3593 quod

315 3611 366 3642 nou
382 3609 460 3642 ausus
470 3610 529 3641 sum
545 3610 602 3641 cum
613 3593 711 3642 Kritarb
722 3602 770 3656 ptr
781 3610 861 3641 uuam
877 3596 890 3642 i
901 3595 1007 3652 sm'bere,
1020 3611 1076 3642 mm
1094 3596 1247 3660 sigufficetur
1258 3611 1313 3644 ser-

316 3675 414 3717 uorum,
429 3676 478 3706 nou
490 3660 621 3708 seruitutis
679 3659 823 3708 desiderata
835 3661 952 3707 ultimam
963 3661 1069 3707 litterum
1080 3676 1095 3708 a
1107 3677 1140 3708 an
1152 3677 1185 3711 ae
1195 3663 1313 3722 habuerit,

311 3732 357 3788 per
367 3725 470 3772 lituram
479 3741 529 3772 nou
537 3725 611 3788 potui
619 3724 752 3782 discemm,
758 3726 819 3786 fort.
831 3726 975 3774 desiderata
988 3732 1027 3774 est
1039 3727 1113 3774 tertia
1192 3730 1222 3775 16
1239 3727 1313 3776 uiuos

316 3789 360 3839 A:
378 3791 453 3838 uiuus
466 3789 492 3837 P
566 3806 598 3851 23
615 3790 764 3852 appelariA
842 3798 945 3840 crocota
966 3791 1108 3841 Ruhnken:
1136 3807 1231 3841 corona
1251 3791 1313 3850 ΑΡ,

315 3854 385 3919 quod
393 3854 493 3918 Sauppe
504 3855 637 3905 muduauit
646 3872 676 3904 cx
688 3855 761 3904 Ouid.
773 3855 848 3905 Pout.
859 3857 893 3906 iv.
908 3871 945 3917 14.
959 3870 990 3917 55
1060 3872 1092 3918 24
1109 3859 1273 3920 coturnisque
1284 3856 1311 3905 A

799 3933 832 4000 96
