2996 4520
590 411 745 472 VELLEI
768 410 1008 473 PATERCVLI

300 577 398 639 minus
419 578 572 657 ingeniose
592 599 730 656 nequam,
746 599 814 640 cum
836 577 893 642 †in
915 577 1034 640 modica
1053 576 1175 655 quidem
1190 573 1302 636 seruari

274 688 401 752 oposset
420 676 544 757 (quippe
562 675 645 753 peior
665 675 708 736 illi
727 697 773 737 res
793 675 943 736 familiaris
962 695 1051 753 quam
1069 694 1154 734 mens
1168 671 1251 748 erat),
1267 670 1300 730 in

300 785 435 850 praetura
449 793 594 834 nouarum
605 775 771 834 tabularum
779 785 883 835 auctor
893 772 987 834 extitit
995 771 1168 850 nequiitque
1179 781 1300 831 senatus

302 893 317 926 s
340 883 370 931 et
391 871 564 932 auctoritate
587 875 743 934 consulum
762 871 901 934 deterreri
911 893 920 946 ;
947 870 1043 932 accito
1072 869 1161 929 etiam
1182 867 1299 928 Milone

301 967 410 1040 Annio,
425 968 477 1044 qui
496 989 558 1028 non
580 968 736 1046 impetrato
759 969 854 1030 reditu
876 968 999 1029 Iulianis
1021 966 1152 1046 partibus
1175 965 1329 1032 infestus5

300 1075 370 1137 erat,
396 1064 427 1124 in
455 1065 527 1125 urbe
552 1065 738 1138 seditionem,
762 1065 792 1126 in
816 1065 891 1143 agris
914 1067 995 1128 haud
1019 1067 1136 1126 occulte
1158 1062 1298 1124 bellicum

301 1165 460 1222 tumultum
489 1183 622 1236 mouens,
651 1163 748 1241 primo
776 1175 941 1225 summotus
968 1184 987 1223 a
1014 1184 1044 1224 re
1071 1161 1199 1241 publica,
1229 1181 1300 1221 mox

301 1261 504 1322 consularibus
526 1262 614 1322 armis
636 1273 756 1323 auctore
779 1274 882 1324 senatu
901 1262 979 1323 circa
992 1260 1121 1322 Thurios
1140 1279 1299 1338 oppressus

273 1369 352 1424 sest.
394 1357 514 1437 incepto
529 1359 591 1436 pari
605 1359 707 1420 similis
721 1362 839 1420 fortuna
853 1360 976 1422 Milonis
990 1359 1053 1433 fuit,
1069 1358 1120 1437 qui
1135 1360 1298 1434 Compsam

300 1454 331 1514 in
347 1455 481 1532 Hirpinis
496 1476 672 1534 oppugnans
690 1456 827 1534 ictusque
845 1457 943 1535 lapide
965 1469 1029 1517 tum
1051 1460 1084 1516 P.
1100 1455 1218 1528 Clodio,
1234 1466 1297 1514 tum
1318 1474 1349 1508 10

300 1553 418 1630 patriae,
442 1573 533 1630 quam
555 1554 643 1614 armis
666 1555 794 1632 petebat,
816 1575 928 1631 poenas
950 1554 1042 1627 dedit,
1065 1553 1110 1614 uir
1131 1551 1247 1630 inquies
1268 1562 1299 1611 et

270 1683 286 1728 4
300 1653 375 1711 ultra
389 1653 495 1711 fortem
509 1650 688 1711 temerarius.
731 1662 877 1728 quatenus
891 1662 991 1712 autem
1005 1649 1117 1728 aliquid
1131 1670 1167 1710 ex
1181 1647 1298 1710 omissis

300 1761 379 1826 pet0,
418 1761 537 1810 notetur
571 1749 722 1810 inmodica
755 1760 786 1809 et
818 1748 1027 1827 intempestiua
1060 1747 1194 1808 libertate
1228 1767 1298 1806 usos

299 1850 441 1908 aduersus
477 1849 510 1909 C.
546 1848 704 1909 Caesarem
739 1847 899 1906 Marullum
936 1845 1077 1923 Epidium
1113 1847 1299 1921 Flauumque

300 1943 470 2004 Caesetium
485 1943 619 2004 tribunos
633 1947 682 2022 pl,
695 1947 768 2005 dum
779 1955 904 2022 arguunt
918 1943 949 2004 in
964 1964 1000 2004 eo
1011 1942 1092 2021 regni
1103 1944 1297 2015 uoluntatem,
1318 1961 1350 2010 15

270 2060 394 2118 5paene
422 2040 484 2100 uim
512 2041 724 2102 dominationis
752 2054 894 2120 expertos.
938 2041 968 2102 in
996 2043 1055 2102 hoc
1082 2052 1182 2102 tamen
1210 2060 1299 2117 saepe

301 2138 427 2198 lacessiti
441 2138 581 2216 principis
603 2139 645 2199 ira
665 2139 797 2213 excessit,
814 2151 846 2200 ut
867 2139 1001 2200 censoria
1020 2139 1119 2217 potius
1141 2149 1300 2199 contentus

301 2247 372 2295 nota
386 2256 476 2312 quam
488 2235 748 2297 animaduersione
763 2236 917 2297 dictatoria
936 2248 1137 2297 summoueret
1159 2255 1210 2296 eos
1230 2256 1249 2295 a
1267 2255 1300 2296 re

299 2331 419 2408 publica
433 2343 645 2410 testareturque
660 2353 724 2394 esse
739 2333 795 2394 sibi
815 2333 1018 2407 miserrimum,
1035 2337 1116 2410 quod
1130 2345 1182 2393 aut
1195 2345 1300 2393 natura

299 2449 353 2488 sua
377 2429 404 2490 ei
425 2433 630 2491 excedendum
651 2433 727 2492 foret
748 2443 800 2492 aut
822 2431 984 2501 minuenda
1006 2430 1142 2508 dignitas.
1185 2432 1239 2492 sed
1259 2433 1299 2492 ad
1317 2447 1353 2482 ²0

300 2526 436 2586 ordinem
450 2531 658 2588 reuertendum
673 2541 725 2588 est

245 2619 288 2692 69
343 2625 408 2684 Iam
423 2636 452 2684 et
472 2626 629 2685 Dolabella
647 2626 678 2685 in
699 2627 771 2687 Asia
792 2628 825 2689 C.
842 2626 1026 2688 Trebonium
1041 2629 1235 2699 consularem,
1251 2626 1300 2686 cui

300 2723 488 2796 succedebat,
514 2724 616 2785 fraude
643 2727 803 2802 deceptum
837 2727 982 2802 Zmyrnae
1016 2725 1173 2798 occiderat,
1202 2724 1299 2784 uirum

334 2895 345 2926 1
361 2894 417 2926 cum
428 2881 537 2929 lmodica
548 2881 584 2942 (in
597 2881 738 2942 modicaP)
752 2881 856 2942 quidem
868 2881 966 2929 seruari
979 2881 1139 2942 possetAP:
1155 2897 1189 2928 ne
1201 2882 1299 2929 modica

298 2944 401 3004 quidem
422 2961 450 2992 re
467 2945 568 2994 Aldus:
592 2962 625 2994 ne
642 2948 743 2995 modico
761 2946 865 3008 quidem
883 2947 981 2994 seruari
999 2963 1025 3008 p.
1048 2947 1124 2995 Voss:
1148 2963 1181 2994 ne
1199 2947 1299 2994 modica

298 3010 401 3069 quidem
420 3026 524 3059 seruare
543 3027 567 3072 p.
587 3012 729 3061 Froehls'clr:
755 3028 789 3060 ne
813 3029 845 3062 m.
864 3028 888 3074 q.
907 3012 1010 3060 soluere
1028 3029 1052 3074 p.
1073 3013 1200 3060 Laurent:
1217 3028 1251 3060 ne
1271 3013 1298 3059 in

298 3076 397 3124 modica
407 3077 509 3136 quidem
520 3077 570 3124 lide
580 3078 678 3124 seruari
686 3094 709 3139 p.
719 3077 840 3141 Maduig:
853 3078 963 3138 sortasse
971 3095 1004 3126 ne
1012 3094 1044 3125 m.
1053 3093 1076 3138 q.
1085 3078 1188 3125 soluere
1200 3094 1229 3126 ac
1240 3093 1261 3125 s.
1272 3094 1299 3138 p.

297 3149 437 3200 3senatus
462 3149 487 3190 et
513 3143 665 3192 auctoritate
688 3144 796 3192 consulo
820 3143 927 3205 (COSS.
947 3143 982 3202 P)
1002 3143 1058 3192 ΑΡ
1065 3161 1071 3191 :
1092 3144 1178 3206 sm'psi
1193 3151 1299 3192 senatus

299 3205 424 3255 decretis:
443 3221 463 3254 S.
477 3209 627 3256 et-consulis
639 3225 660 3256 a.
676 3208 780 3256 Cludr'us
872 3223 888 3270 5
916 3209 1053 3269 impetrato
1064 3207 1102 3257 P:
1121 3209 1260 3269 imperator
1270 3207 1297 3256 A

297 3270 315 3317 6
331 3271 356 3318 ἰῃ
368 3273 436 3332 agris
449 3273 517 3320 haud
528 3273 627 3321 occulte
638 3273 779 3321 Mommsen
846 3274 913 3322 haud
931 3275 1012 3335 magis
1030 3274 1128 3322 occulte
1139 3274 1206 3324 AP:
1230 3281 1255 3322 at
1272 3275 1298 3320 in

297 3337 364 3396 agris
381 3353 404 3386 0.
417 3338 518 3400 lipsius
610 3340 625 3385 8
642 3339 734 3386 Turios
744 3337 800 3386 ΑΡ
881 3355 897 3400 9
914 3340 941 3387 in
953 3340 1009 3390 add.
1022 3339 1146 3402 Maduig:
1167 3341 1298 3401 incoepto

302 3399 363 3449 Voss
479 3419 509 3452 10
527 3404 620 3465 Irpinis
638 3403 693 3451 ΑΡ
788 3412 842 3452 tum
855 3405 882 3453 P.
895 3403 963 3454 AP:
981 3420 1039 3453 cum
1051 3405 1079 3452 P.
1095 3404 1173 3452 Orelli
1268 3420 1298 3451 12

298 3465 389 3514 sortem
401 3467 427 3514 B
437 3474 459 3515 et
469 3471 503 3516 sic
511 3469 537 3516 A
552 3474 579 3516 nt
591 3469 655 3516 mihi
664 3469 748 3516 ussum
760 3475 808 3518 est:
826 3477 922 3519 sortem
933 3469 959 3518 P
1036 3485 1066 3530 13
1078 3477 1166 3532 repeto
1178 3470 1301 3518 Heinsius

297 3533 407 3581 lmodica
424 3533 451 3581 A
552 3548 581 3595 15
599 3550 667 3583 caese
687 3535 762 3583 etiam
782 3534 850 3583 AP:
875 3536 1021 3584 Caesetium
1038 3533 1064 3582 Β
1128 3536 1184 3586 TR.
1203 3536 1253 3584 PL.
1270 3535 1296 3582 A

298 3597 413 3646 duumA
518 3601 547 3646 16
565 3616 640 3661 paene
658 3601 710 3648 uim
729 3600 873 3648 domitianis
889 3600 916 3649 A
1001 3608 1086 3650 tamen
1104 3600 1170 3652 AP:
1200 3608 1299 3649 tantum

297 3661 371 3710 Kn'ta
479 3679 508 3725 17
526 3666 637 3714 excessit
658 3665 726 3714 AP:
755 3667 851 3714 exarsit
877 3666 998 3728 Wopkens
1062 3674 1226 3728 contemptus
1246 3664 1296 3713 BA

299 3742 331 3790 23
348 3730 515 3779 succensebat
526 3731 651 3780 Ruhnken
717 3730 845 3792 Zmyrnae
856 3731 882 3779 A
893 3749 899 3782 ι
918 3731 1045 3794 Smyrnae
1056 3731 1082 3780 P

783 3885 814 3946 84
