2996 4520
585 424 741 483 VELLEI
764 423 1005 485 PATERCVLI

299 592 403 667 aciem,
421 592 572 670 increpata
592 591 672 670 prius
696 594 822 666 fortuna,
845 593 927 670 quod
951 612 983 652 se
1007 591 1038 651 in
1062 611 1132 652 eum
1154 600 1300 650 seruasset

300 689 419 763 exitum,
441 689 629 749 denuntiaret
651 689 793 750 militibus
815 689 940 766 uestigio
962 709 995 750 se
1015 709 1077 749 non
1097 707 1299 749 recessurum:

299 785 426 864 proinde
446 785 589 859 uiderent,
605 806 695 864 quem
716 797 746 846 et
765 806 825 864 quo
844 789 912 847 loco
931 786 1138 864 imperatorem
1156 782 1300 845 deserturi

272 886 405 944 llorent
448 883 629 944 uerecundia
649 884 742 961 magis
764 905 854 962 quarn
876 884 984 944 uirtute
1007 883 1086 944 acies
1107 883 1247 955 restituta,
1269 892 1300 942 et

300 1001 319 1040 a
333 982 410 1040 duce
424 999 515 1057 quam
529 1001 547 1040 a
561 980 653 1041 milite
667 980 778 1042 lortius
822 982 877 1043 Cn.
891 980 1052 1059 Pompeius
1066 980 1162 1058 grauis
1176 981 1300 1039 uulnere
1315 1005 1330 1054 5

302 1076 441 1136 inuentus
456 1075 532 1136 inter
546 1077 720 1138 solitudines
734 1077 816 1138 auias
834 1077 1029 1156 interemptus
1048 1089 1112 1152 est;
1133 1077 1300 1137 Labienum

301 1177 475 1252 Verumque
488 1174 567 1235 acies
580 1175 709 1236 abstulit.

249 1279 291 1350 56
345 1273 454 1333 Caesar
464 1272 599 1334 omnium
613 1273 709 1334 uictor
719 1293 867 1351 regressus
876 1273 907 1333 in
918 1274 1032 1348 urbem,
1042 1275 1125 1351 quod
1139 1276 1301 1334 humanam

304 1372 427 1431 excedat
440 1372 540 1459 fidem,
553 1371 701 1445 omnibus,
712 1372 764 1449 qui
778 1383 881 1432 contra
892 1392 924 1432 se
937 1392 1019 1432 arma
1032 1374 1167 1445 tulerant,
1177 1370 1300 1449 ignouit,

304 1467 661 1546 magnificentissimisque
688 1468 853 1546 gladiatorii
880 1469 1019 1542 muneris,
1048 1468 1243 1529 naumachiae
1271 1479 1302 1528 et
1318 1493 1351 1528 10

304 1566 438 1643 equitum
452 1565 655 1644 peditumque,
669 1567 757 1627 simul
768 1569 993 1644 elephantorum
1008 1567 1176 1628 certaminis
1191 1577 1302 1644 specta-

304 1665 377 1725 culis
402 1663 542 1741 epulique
566 1684 618 1741 per
642 1666 752 1724 multos
774 1663 838 1724 dies
866 1663 928 1725 dati
952 1663 1150 1724 celebratione
1177 1661 1302 1740 repleuit

278 1781 379 1822 ream.
422 1761 555 1839 quinque
574 1760 633 1838 egit
651 1760 835 1839 triumphos:
861 1760 967 1822 Gallici
983 1771 1140 1838 apparatus
1162 1781 1198 1820 ex
1218 1759 1300 1832 citro,

305 1859 422 1920 Pontici
449 1879 485 1919 ex
511 1861 648 1933 acantho,
677 1858 870 1920 Alexandrini
897 1857 1054 1931 testudine,
1083 1857 1175 1919 Africi
1203 1859 1300 1930 ebore,

306 1955 514 2032 Hispaniensis
533 1966 654 2032 argento
673 1955 751 2016 rasili
770 1955 908 2016 constitit.
951 1955 1079 2032 pecunia
1099 1976 1135 2016 ex
1155 1955 1302 2016 manubiis
1319 1983 1350 2032 15

278 2055 364 2122 alata
385 2055 475 2130 paulo
496 2051 624 2129 amplius
645 2052 761 2113 sexiens
783 2052 900 2112 miliens
922 2052 1096 2112 sestertium.
1139 2072 1238 2130 neque
1261 2051 1302 2112 illi

305 2160 388 2209 tanto
412 2148 477 2208 uiro
501 2159 531 2208 et
554 2159 616 2207 tam
638 2151 799 2209 clementer
821 2149 962 2210 omnibus
985 2147 1127 2230 [uictoriis
1152 2147 1224 2231 suis]
1247 2170 1302 2210 uso

305 2248 372 2324 plus
393 2245 526 2324 quinque
547 2244 694 2305 mensium
718 2245 887 2323 principalis
909 2245 993 2324 quies
1018 2245 1148 2324 contigit.
1192 2246 1303 2324 quippe

306 2365 375 2405 cum
400 2364 503 2404 mense
525 2343 651 2404 Octobri
675 2343 706 2403 in
728 2345 832 2405 urbem
857 2344 1032 2418 reuertisset,
1055 2345 1155 2406 idibus
1178 2335 1302 2418 Martiis,

306 2440 516 2502 coniurationis
538 2440 709 2501 auctoribus
731 2443 823 2502 Bruto
844 2453 873 2502 et
896 2441 1009 2516 Cassio,
1030 2462 1157 2520 quorum
1179 2445 1303 2502 alterum
1319 2469 1352 2503 20

305 2538 507 2616 promittendo
527 2541 714 2598 consulatum
734 2558 795 2599 non
815 2538 1004 2616 obligauerat,
1020 2550 1123 2599 eontra
1139 2539 1304 2599 differendo

306 2635 443 2698 Cassium
457 2636 629 2708 offenderat,
644 2635 767 2696 adiectis
781 2635 870 2696 etiam
884 2635 1057 2696 consiliariis
1071 2635 1171 2697 caedis
1184 2635 1305 2695 familia-

305 2732 426 2793 rissimis
441 2732 576 2793 omnium
590 2744 620 2792 et
633 2735 751 2804 fortuna
764 2733 892 2810 partium
906 2733 969 2794 eius
983 2732 1179 2793 insummum
1194 2731 1305 2793 euectis

305 2831 462 2909 fastigium,
486 2834 523 2892 D.
546 2833 638 2892 Bruto
659 2843 688 2891 et
710 2833 743 2893 C.
767 2831 919 2892 Trebonio
939 2830 1064 2909 aliisque
1085 2830 1156 2892 clari
1175 2829 1305 2891 nominis

277 2929 383 3003 4uiris,
407 2929 601 3006 interemptus
626 2941 691 2990 est..
721 2929 770 2990 cui
798 2949 936 3006 magnam
963 2929 1107 2990 inuidiam
1136 2928 1305 2989 conciliarat
1321 2958 1350 3008 ²5

340 3153 352 3184 1
371 3099 503 3198 increpita
520 3136 546 3182 A
625 3153 641 3197 4
658 3137 777 3186 restituta
794 3142 820 3185 et
837 3152 852 3185 a
871 3137 948 3186 Orelli
958 3137 1102 3196 (restitutae
1114 3143 1141 3184 et
1152 3136 1204 3183 riam
1216 3135 1306 3184 Ruhn-

304 3202 360 3266 lmr)
374 3218 380 3250 τ
397 3203 532 3251 restitutae
540 3202 567 3252 C.
579 3201 612 3251 A.
620 3202 644 3248 Β
654 3219 661 3250 z
673 3203 806 3251 restitutae
818 3209 905 3251 sunta
915 3202 983 3252 AP:
1001 3203 1133 3251 restitutae
1145 3207 1204 3250 sunt
1216 3203 1305 3250 aduce

304 3283 380 3329 quam
396 3285 411 3316 a
431 3267 511 3316 milite
530 3267 614 3328 potius
632 3266 774 3315 Mommsen
785 3285 796 3316 t·
815 3268 932 3318 restituta
949 3275 976 3316 et
993 3275 1116 3316 certatum
1128 3283 1150 3316 a.
1162 3269 1187 3314 d.
1200 3282 1223 3328 q.
1236 3283 1261 3316 a.
1273 3282 1304 3317 m.

305 3334 396 3381 fortius
410 3333 509 3382 Sm'ner
572 3345 587 3392 5
604 3333 691 3394 grauis
702 3348 753 3382 om.
765 3332 791 3379 A
803 3349 810 3381 ε
826 3333 870 3381 sed
877 3334 950 3394 graui
961 3334 1058 3381 sinistro
1070 3333 1183 3396 margine
1192 3331 1306 3380 additum

307 3413 338 3446 10
349 3398 659 3460 magnificentissimisque
670 3397 696 3444 A
709 3403 732 3445 et
742 3399 776 3446 sic
784 3398 913 3461 legendum
920 3400 1038 3461 praecepti
1048 3400 1144 3447 Burer:
1160 3413 1211 3458 que
1223 3414 1274 3446 om.
1282 3396 1309 3444 P

308 3479 337 3523 14
355 3464 411 3512 Afri
427 3463 453 3510 A
524 3477 553 3523 15
572 3463 761 3525 Hespaniensis
779 3463 863 3510 uisum
880 3469 915 3512 est
927 3465 1012 3527 potius
1032 3465 1059 3511 r'n
1076 3463 1102 3510 A
1172 3464 1202 3510 16
1218 3464 1305 3511 sexies

305 3529 388 3577 milies
399 3528 425 3577 P
432 3545 439 3576 t
456 3530 607 3578 sextertium
618 3528 644 3575 A
657 3546 664 3578 t
685 3529 747 3578 S-H
760 3528 801 3578 P:
823 3531 942 3590 sexagies
954 3530 1084 3577 Hotoman
1186 3543 1214 3588 17
1233 3535 1305 3578 tanto

306 3595 362 3642 uiro
374 3610 424 3644 om.
437 3594 463 3640 A
570 3595 711 3643 uictoribus
728 3595 781 3643 suis
790 3609 837 3642 uso
850 3595 882 3658 B,
893 3595 961 3656 quod
972 3594 1083 3643 Gelenius
1093 3595 1119 3644 ἐκ
1130 3594 1243 3643 uictoriis
1252 3594 1305 3643 suis

306 3661 416 3707 mutauit
426 3677 432 3708 r
449 3660 587 3709 uictoribus
595 3661 648 3708 suis
657 3676 708 3710 om,
720 3658 787 3708 AP:
800 3659 942 3708 ‘Patetduo
952 3661 1068 3708 uocabula
1077 3660 1230 3724 [uictoribus
1239 3660 1306 3722 suis]

306 3726 346 3772 uel
360 3726 425 3772 inter
431 3726 600 3786 uersusfiu'sse
610 3726 708 3788 sm'pta,
719 3726 759 3773 uel
770 3725 850 3788 sr'gnis
860 3725 949 3774 addn'tt's
961 3726 1072 3788 margini
1081 3724 1205 3787 apposita'
1217 3726 1308 3774 Kn'ta:

305 3806 334 3838 ea
345 3790 436 3838 delebat
448 3791 477 3839 G.
488 3790 524 3841 A.
533 3791 604 3838 Koch
670 3807 702 3839 20
719 3791 903 3840 coniurationis
913 3790 955 3839 P:
973 3791 1168 3840 coniurationib.
1180 3790 1206 3837 A
1274 3805 1307 3852 23

306 3855 417 3906 reuectis
427 3855 482 3904 ΑΡ
544 3872 576 3918 24
588 3857 710 3906 Tribonio
721 3856 761 3906 P:
776 3856 898 3906 l'nbonio
914 3857 975 3922 (nrm
987 3857 1120 3918 Tribonio)
1132 3856 1158 3904 A

791 3946 821 3994 74
