2996 4520
606 439 736 500 LIBER
757 439 790 497 Il

194 621 263 688 erat,
288 622 320 671 ut
344 609 375 670 in
400 609 505 671 ultimo
529 629 564 669 ac
589 607 786 669 remotissimo
814 606 894 670 orbis
919 618 1059 666 terrarum
1087 607 1196 683 angulo

195 727 406 768 consenescere
422 715 423 718 ’
437 727 527 784 quarn
563 709 693 766 Romam
728 704 842 782 regredi
876 706 983 764 mallet.
1041 703 1092 764 diu
1125 703 1195 788 dein

194 808 352 866 reluctatus
373 805 545 882 inuitusque
567 815 716 864 reuertens
741 803 772 862 in
796 803 913 863 Italiam
927 801 967 882 gin
989 802 1063 862 urbe
1088 801 1196 878 Lyciae

194 903 326 982 (Limyra
353 902 522 982 nominant)
545 902 651 963 morbo
679 901 761 975 obiit,
786 921 855 961 cum
879 911 948 960 ante
970 913 1083 960 annum
1104 902 1196 960 ferme

166 1004 228 1068 5L.
253 1003 362 1063 Caesar
389 1004 476 1061 frater
500 1000 564 1061 eius
593 999 756 1078 Hispanias
783 1011 888 1077 petens
918 997 1068 1058 Massiliae
1097 1001 1197 1059 deces·
1229 1037 1232 1046 ‚

193 1099 285 1160 sisset.

233 1197 294 1258 Sed
312 1199 438 1269 fortuna,
459 1217 536 1274 quae
555 1196 735 1257 subduxerat
754 1215 838 1272 spem
857 1193 958 1272 magni
976 1193 1114 1267 nominis,
1135 1193 1263 1273 iam103

193 1305 257 1354 tum
285 1293 327 1354 rei
354 1293 491 1371 publicae
516 1314 569 1353 sua
597 1292 743 1370 praesidia
764 1291 952 1360 reddiderat:
988 1291 1099 1368 quippe
1126 1303 1195 1351 ante

140 1383 153 1432 Γ
192 1390 345 1468 utriusque
366 1391 472 1450 horum
494 1390 610 1450 obitum
631 1402 713 1467 patre
734 1401 786 1450 tuo
808 1392 839 1448 P.
863 1388 982 1449 Vinicio
1004 1391 1126 1449 consule
1147 1388 1192 1448 Ti.

150 1504 180 1539 10
193 1490 275 1548 Nero
289 1507 423 1547 reuersus
439 1489 551 1548 Rbodo
567 1486 734 1547 incredibili
752 1485 863 1546 laetitia
878 1485 1002 1563 patriam
1021 1488 1192 1562 repleuerat.

192 1605 254 1644 non
272 1596 317 1645 est
335 1583 387 1644 diu
406 1596 561 1644 cunctatus
577 1586 685 1646 Caesar
699 1587 851 1662 Augustus
861 1605 870 1658 3
891 1602 988 1660 neque
1007 1581 1088 1642 enim
1107 1599 1220 1658 quae-2

192 1683 302 1742 rendus
316 1692 378 1741 erat
392 1701 482 1758 quern
493 1684 610 1758 legeret,
622 1683 676 1742 sed
690 1683 833 1758 legendus
844 1679 896 1758 qui
907 1679 1064 1739 eminebat
1093 1677 1194 1755 itaque
1206 1701 1220 1748 3

193 1781 276 1854 quod
296 1790 365 1856 post
386 1777 461 1838 Luci
482 1789 609 1839 mortem
629 1780 729 1838 adhuc
751 1777 827 1838 Gaio
850 1775 921 1836 uiuo
944 1779 1040 1836 facere
1061 1778 1195 1834 uoluerat

192 1885 282 1952 atque
296 1895 333 1934 eo
348 1877 540 1935 uehementer
554 1887 738 1952 repugnante
753 1878 874 1935 Nerone
888 1885 950 1934 erat
963 1872 1115 1945 inhibitus,
1127 1883 1196 1950 post

134 1969 178 2040 '15
192 1971 345 2049 utriusque
369 1975 595 2033 adulescentum
617 1973 732 2033 obitum
755 1975 851 2032 facere
875 1969 1083 2048 perseuerauit,
1109 1981 1142 2029 ut
1166 1981 1196 2029 et

193 2069 367 2130 tribuniciae
401 2070 555 2147 potestatis
590 2071 810 2132 consortionem
846 2067 960 2129 Neroni
994 2067 1193 2140 constitueret,

193 2168 319 2227 multum
341 2166 463 2244 quidem
485 2188 522 2227 eo
544 2188 612 2227 cum
634 2166 801 2228 domitum
823 2166 854 2226 in
876 2176 979 2226 senatu
1005 2163 1194 2246 [recusante,]

192 2275 222 2324 et
246 2285 315 2325 eum
340 2263 427 2324 Aelio
453 2266 529 2326 Cato
558 2267 589 2325 C.
616 2265 719 2326 Sentio
742 2263 914 2325 consulibus
938 2265 974 2322 V.
1000 2265 1066 2322 Kal.
1094 2263 1193 2336 Iulias,

191 2373 260 2438 post
294 2362 398 2421 urbem
434 2361 586 2422 conditam
620 2362 706 2422 annis
742 2364 914 2434 toccuuu,
950 2359 1061 2420 abhinc
1098 2381 1193 2420 annos

147 2461 178 2515 '20
192 2476 282 2516 xxvu
305 2461 466 2536 adoptaret.
510 2458 651 2520 laetitiam
679 2445 756 2520 illius
781 2458 841 2520 diei
865 2477 1103 2534 concursumque
1125 2457 1220 2527 ciui-4

192 2555 259 2616 tatis
287 2568 317 2616 et
344 2566 416 2616 uota
442 2576 537 2633 paene
568 2556 760 2617 inserentium
791 2559 874 2617 caelo
908 2576 1014 2615 manus
1050 2574 1193 2631 spemque

192 2665 368 2730 conceptam
401 2666 561 2731 perpetuae
594 2654 757 2715 securitatis
789 2653 1028 2731 aeternitatisque
1063 2652 1194 2713 Romani

227 2850 238 2881 1
254 2783 312 2830 Μ
329 2841 455 2882 terrarum
473 2833 541 2883 orbis
557 2834 606 2892 A(
629 2833 668 2896 '):
692 2840 817 2881 terrarum
834 2834 902 2881 orbis
913 2832 939 2880 P
1010 2848 1026 2879 a
1044 2831 1095 2878 Diu
1112 2833 1145 2880 de
1163 2847 1192 2879 re

191 2899 300 2948 luctatus
320 2899 365 2946 A:
405 2899 505 2947 Deinde
528 2899 667 2947 reluctatus
687 2899 726 2946 P:
763 2899 807 2947 diu
830 2900 970 2947 reluctatus
996 2913 1031 2944 an
1054 2899 1086 2945 de
1108 2898 1192 2946 reditu

192 2964 302 3012 luctatus
321 2963 451 3026 legendum
471 2970 536 3024 esset,
555 2964 676 3012 dubitauit
693 2963 776 3012 Burer
791 2964 855 3011 illud
873 2969 955 3011 tamen
973 2963 1125 3025 praeferens:
1150 2964 1192 3010 diu

191 3030 287 3078 deinde
301 3029 346 3078 rel.
358 3029 500 3077 Ruhnken:
518 3031 561 3078 diu
574 3031 633 3078 dein
649 3030 694 3079 rel.
706 3030 793 3093 scripsi
903 3045 918 3090 4
937 3029 997 3091 Ly(i
1008 3028 1112 3091 A)mira
1123 3027 1174 3076 BA
1185 3050 1191 3078 :

192 3096 320 3156 Limyram
334 3094 359 3142 P
432 3109 508 3155 quom
519 3095 559 3145 P:
582 3112 633 3156 quo
650 3095 676 3142 A
783 3109 798 3156 5
818 3095 844 3144 1.
861 3095 989 3144 Gelenius:
1014 3095 1193 3155 quinquagesi-

191 3195 259 3226 mum
276 3177 330 3225 AP
402 3177 531 3227 Massiliae
548 3178 617 3227 AB:
647 3178 759 3226 Massilia
778 3178 805 3225 P
916 3170 1025 3240 9563.
1045 3177 1087 3228 A:
1116 3177 1193 3226 COS.

191 3244 217 3293 P
279 3245 336 3292 Tib.
351 3242 387 3292 P:
417 3243 445 3291 T.
462 3243 488 3290 A
554 3270 556 3274 ·
613 3259 643 3291 12
660 3244 758 3304 legerat
775 3242 826 3289 BA
950 3258 980 3303 13
998 3243 1072 3292 Lucil
1095 3243 1123 3292 L.
1141 3241 1196 3290 ΑΡ

192 3308 269 3372 Gaio]
283 3310 312 3357 C.
324 3308 379 3355 ΑΡ
510 3323 539 3369 14
556 3324 622 3370 quae
641 3324 672 3356 eo
690 3308 733 3357 A:
760 3315 837 3369 atque
854 3309 893 3356 P:
922 3310 965 3355 ‘ex
983 3309 1089 3370 uestigiis
1105 3309 1196 3356 uetusti

190 3375 275 3423 codm's
291 3374 423 3437 apparebat
433 3381 482 3436 pro
498 3381 582 3435 atque,
600 3389 630 3421 eo
646 3389 695 3434 que
712 3375 764 3421 su'ue
778 3389 811 3421 eo
826 3375 894 3435 quod
910 3375 1043 3435 scriptum:
1063 3390 1125 3421 nam
1140 3390 1193 3421 ues-

190 3441 250 3504 tigia
261 3441 389 3488 literanum
401 3440 445 3487 uir
450 3445 565 3502 potemur
571 3439 650 3486 uiden'
654 3447 717 3502 prae
723 3437 853 3487 uetustate’
862 3438 956 3488 Burer:
975 3455 1058 3500 eoque
1070 3440 1192 3488 Thomas:

190 3514 267 3568 atque
283 3521 315 3553 eo
326 3505 450 3568 praetuli:
474 3505 503 3552 de
514 3505 663 3567 pronomine
686 3505 795 3552 Thomas
811 3505 946 3566 disputauit
956 3512 984 3566 p.
1001 3519 1030 3564 15
1163 3518 1192 3564 15

190 3573 382 3620 adulescentum
394 3570 419 3616 A
432 3587 438 3618 :
461 3570 664 3618 adulescentium
674 3569 701 3618 P
816 3585 844 3630 17
862 3585 921 3618 eum
939 3569 991 3630 det,
1005 3569 1059 3617 dein
1070 3578 1190 3633 suprascr.

191 3654 257 3702 eoA
326 3659 461 3702 recusante
473 3652 562 3700 om.A
648 3655 679 3700 18
696 3653 726 3702 C.
738 3652 890 3702 add.Aldus
955 3647 1079 3700 CGSA:
1096 3652 1193 3700 COSS.

190 3736 217 3785 P
382 3727 1013 3797 19ffcft'11-11AE:acc-urrrA:ncc·n·1111·B
1110 3749 1193 3781 annos

190 3800 235 3850 A:
252 3801 363 3850 annisP
492 3815 521 3848 nr
541 3800 645 3861 peneA
746 3800 839 3848 celoA
924 3815 1111 3861 manuqspem
1128 3814 1194 3860 quae

190 3865 216 3912 A
312 3882 344 3914 22
361 3872 513 3928 conceptam
524 3865 636 3915 Baecler:
654 3875 794 3928 conceptae
805 3865 860 3914 AP

663 3957 710 4005 113
1052 3939 1069 3992 8
