2996 4520
610 443 740 502 LIBER
761 443 795 502 II

199 621 312 688 partem
337 621 515 686 tractumque
537 629 658 670 omnem
681 608 795 669 Galliae
821 607 1040 686 prouinciarum
1068 619 1198 690 ueterem

198 708 405 785 imperatorem
430 719 460 768 et
486 719 555 767 ante
583 705 693 766 meritis
720 726 756 766 ac
780 705 937 766 uirtutibus
961 726 1051 783 quarn
1075 703 1197 764 nomine
1217 761 1219 764 .

199 806 356 866 Caesarem
381 799 542 866 reuisentes
567 803 623 864 sibi
648 803 774 882 quisque
799 823 889 880 quam
917 802 959 862 illi
985 804 1197 879 gratularentur

198 901 321 979 plenius.
375 912 405 962 at
429 921 500 962 uero
525 900 652 960 militum
677 911 839 978 conspectu
864 899 927 960 eius
952 899 1066 959 elicitae
1087 897 1227 976 gaudio4

171 1015 184 1061 5
198 999 336 1060 lacrimae
349 998 543 1077 alacritasque
557 1010 587 1058 et
601 998 784 1059 salutationis
798 1018 878 1059 noua
892 999 1040 1075 quaedam
1057 996 1197 1057 exultatio

198 1109 227 1157 et
242 1095 434 1174 contingendi
448 1116 570 1157 manum
586 1095 731 1172 cupiditas
750 1115 812 1155 non
829 1093 1046 1155 continentium
1063 1093 1197 1171 protinus

198 1193 271 1272 quin
285 1193 443 1268 adicerent,
458 1193 611 1254 ‘uidemus
623 1205 660 1266 te,
673 1192 855 1270 imperator?
876 1195 991 1252 saluum
1002 1191 1160 1269 recipimus
1169 1193 1198 1250 ?'

198 1312 233 1352 ac
248 1291 357 1352 deinde
373 1296 445 1369 ‘ego
460 1303 567 1365 tecum,
584 1291 749 1368 imperator,
765 1290 796 1350 in
811 1290 960 1363 Armenia,
976 1310 1032 1367 ego
1046 1289 1077 1348 in
1093 1288 1199 1349 Raetia

199 1388 249 1462 fui,
272 1408 328 1465 ego
349 1399 416 1447 ate
437 1387 468 1447 in
489 1387 661 1461 Vindelicis,
684 1408 739 1465 ego
760 1387 791 1446 in
813 1386 975 1460 Pannonia,
999 1406 1054 1464 ego
1075 1386 1105 1445 in
1129 1389 1200 1447 Ger·

156 1484 299 1547 romania
317 1486 445 1545 donatus
467 1487 551 1557 sum,'
573 1505 671 1562 neque
692 1485 790 1544 uerbis
812 1483 934 1561 exprimi
956 1495 985 1543 et
1005 1486 1128 1544 fortasse
1150 1485 1199 1544 uix

200 1581 304 1641 mereri
318 1583 409 1642 fidem
423 1592 528 1659 potest.

239 1680 351 1738 Intrata
365 1678 498 1755 protinus
514 1678 681 1751 Germania,
697 1677 812 1739 subacti
827 1677 1046 1752 Canninefates,
1059 1679 1195 1753 Attuarii,
1212 1697 1267 1757 105

185 1775 339 1850 Bructeri,
352 1775 462 1853 recepti
474 1775 624 1849 Cherusci,
638 1783 655 1838 †
663 1775 758 1854 gentis
773 1775 886 1835 utinam
901 1775 999 1836 minus
1014 1796 1084 1836 mox
1098 1789 1199 1837 nostra

199 1875 283 1934 clade
308 1873 424 1946 nobilis,
451 1873 589 1933 transitus
613 1872 754 1950 Visurgis,
780 1884 933 1950 penetrata
957 1873 1102 1948 ulteriora,
1128 1896 1198 1935 cum
1225 1875 1228 1884 ’

154 1997 185 2046 15
199 1991 320 2030 omnem
348 1970 466 2048 partem
488 1969 640 2048 asperrimi
668 1982 697 2030 et
716 1969 964 2047 xpericulosissimi
991 1970 1062 2031 belli
1090 1973 1200 2033 Caesar

198 2067 369 2142 uindicaret,
387 2065 442 2149 [in]
458 2067 501 2141 iis,
520 2088 597 2146 quae
616 2066 738 2128 minoris
757 2079 840 2128 erant
859 2066 1044 2142 discriminis,
1063 2068 1197 2129 Sentium

197 2165 396 2239 Saturninum,
413 2165 464 2244 qui
479 2177 543 2225 tum
558 2168 670 2242 legatus
685 2164 775 2242 patris
790 2165 852 2225 eius
869 2165 900 2224 in
916 2166 1075 2227 Germania
1094 2169 1196 2240 fuerat,

196 2263 392 2340 praefecisset,
422 2263 518 2322 uirum
552 2262 746 2340 multiplicem
776 2261 831 2344 [in]
860 2263 1026 2338 uirtutibus,
1055 2286 1224 2343 gnauum,2

195 2361 310 2438 agilem,
337 2361 496 2439 prouidum
521 2360 751 2440 militariumque
779 2359 944 2421 officiorum
972 2362 1133 2439 patientem
1162 2384 1197 2424 ac

153 2487 183 2521 ιο
196 2458 322 2535 peritum
343 2457 458 2535 pariter,
481 2460 534 2518 sed
557 2460 695 2531 eundern,
720 2457 772 2518 ubi
795 2457 914 2536 negotia
935 2458 1074 2518 fecissent
1096 2461 1197 2520 locum

196 2555 265 2628 otio,
288 2555 445 2616 liberaliter
466 2557 605 2632 lauteque
626 2575 663 2614 eo
683 2555 865 2628 abutentem,
887 2554 927 2614 ita
948 2566 1056 2628 tamen,
1073 2567 1105 2615 ut
1127 2576 1195 2615 eurn

195 2652 385 2730 splendidum
396 2664 447 2712 aut
458 2652 580 2712 hilarem
591 2651 690 2730 potius
702 2673 792 2730 quarn
807 2651 989 2712 luxuriosum
1000 2664 1051 2712 aut
1062 2652 1196 2713 desidem

230 2823 241 2854 1
261 2813 396 2868 tractumq.
411 2807 528 2857 cludens:
549 2814 658 2855 tractum
669 2807 724 2854 ΑΡ
819 2823 835 2854 a
852 2806 990 2854 uirtutibus
1001 2804 1118 2868 Lipans:
1138 2807 1197 2854 uiri·

195 2873 243 2920 bus
254 2872 309 2919 ΑΡ
352 2874 468 2934 3quisq.
481 2888 556 2933 quarn
569 2872 608 2921 P:
625 2872 796 2936 quisquamA
870 2871 1029 2931 4atom.A
1097 2871 1197 2920 elicitae

195 2937 235 2987 P:
263 2937 384 2986 felicitate
401 2938 427 2985 A
478 2938 658 2999 5lachrymae
675 2937 702 2985 P
766 2938 936 2998 qadiicerent
953 2935 1013 2996 AP,
1027 2935 1096 2998 quod
1108 2937 1201 2985 correxi

196 3004 339 3064 recepimus
351 3003 377 3050 P
491 3019 521 3050 12
550 3005 654 3052 subacta
666 3003 692 3050 A
744 3018 798 3050 carn
811 3003 836 3050 ui
847 3003 922 3050 saciat
934 3002 1010 3050 Tuari
1023 3002 1140 3050 Bruoteri
1151 3002 1177 3049 A
1191 3021 1196 3051 :

196 3068 346 3129 Caninisaci,
356 3069 457 3117 Attuari
467 3069 568 3118 Bruteri
575 3069 612 3117 P:
630 3071 677 3116 ‘sic
687 3069 757 3132 leges,
766 3068 930 3116 Canninefates
938 3068 1053 3116 Cattuari
1063 3067 1196 3117 Bructeri'

195 3134 335 3181 Rhenanus
434 3149 464 3194 13
481 3135 603 3182 Cherusci
626 3134 666 3182 P:
695 3133 810 3182 Ceruisci
832 3133 857 3179 A
926 3134 1010 3193 gentis
1032 3135 1093 3196 (tes
1113 3133 1147 3195 P)
1170 3141 1196 3182 et
1251 3151 1254 3157 ·

195 3199 348 3247 inamminus
367 3198 434 3250 AB:
458 3207 484 3248 et
502 3199 663 3247 *inamninus
680 3199 720 3248 P:
746 3206 771 3248 et
790 3199 886 3247 utinam
904 3200 986 3246 minus
1002 3214 1035 3246 m.
1053 3215 1078 3246 n.
1094 3214 1161 3259 c.n.,
1178 3205 1195 3246 t.

194 3264 311 3325 Visurgis
326 3265 400 3312 Voss:
419 3272 510 3325 gentes
523 3265 618 3313 utinam
631 3266 715 3312 minus
727 3280 761 3314 m.
773 3281 797 3312 n.
812 3280 832 3314 c.
847 3264 946 3312 nobiles
961 3264 1052 3311 Fn'ebel
1065 3262 1194 3326 satyrogr.

197 3330 304 3378 Graecor.
314 3330 417 3392 Fragm.
424 3337 451 3392 p.
463 3343 505 3390 151
517 3330 602 3391 (1837)
615 3348 621 3378 ι
638 3344 703 3390 gens
714 3330 810 3378 utinam
819 3345 851 3378 m.
862 3329 988 3379 Frdhlich:
999 3328 1107 3389 fhnasse
1114 3344 1196 3389 genus

196 3431 202 3444 .
216 3431 222 3444 .
236 3431 243 3445 .
258 3396 343 3442 nobile
354 3395 378 3444 h.
389 3411 408 3445 e.
422 3399 452 3451 ‘a
464 3396 536 3454 siecle,
549 3394 632 3444 bned!
701 3411 731 3456 14
749 3396 856 3444 transitu
867 3394 921 3441 AP
967 3393 1081 3455 Viturgis
1092 3393 1128 3452 A,
1140 3400 1196 3442 leste

195 3461 305 3508 Fechtero
404 3464 435 3508 16
451 3462 477 3508 in
489 3459 547 3519 ΑΡ,
562 3476 613 3509 om.
625 3460 732 3523 Krause,
746 3461 822 3508 Herel
910 3475 939 3519 17
957 3456 1023 3520 tum]
1036 3460 1085 3507 iarn
1099 3457 1198 3507 Gmner

196 3527 227 3573 18
244 3527 269 3574 in
287 3526 422 3575 uirtutibus
439 3526 507 3575 AP:
532 3527 558 3573 in
576 3525 620 3575 del.
639 3526 822 3588 Raphelengrns
910 3524 1040 3572 nauumP
1163 3539 1195 3587 19

194 3593 337 3652 pacientem
355 3591 381 3638 A
529 3607 562 3640 ao
574 3597 634 3654 post
649 3592 732 3639 locum
750 3591 855 3638 &letum
873 3595 908 3643 est
922 3590 948 3637 in
962 3590 988 3637 A
1013 3590 1044 3636 co
1056 3589 1205 3638 liberaliter

194 3672 224 3704 21
243 3673 275 3704 eo
287 3673 336 3706 om.
350 3657 376 3704 A
477 3673 508 3706 22
525 3664 569 3706 aut
581 3657 688 3705 hilarem
699 3656 824 3705 Ruhnken
836 3673 841 3704 :
861 3655 974 3704 Athilam
985 3654 1012 3701 A
1024 3671 1029 3701 :
1047 3671 1076 3703 ac
1088 3655 1193 3703 hilarem

193 3721 231 3834 Z:
254 3730 331 3785 atque
348 3723 372 3771 h.
393 3721 469 3770 Orelli
612 3722 770 3770 Audesidem
785 3722 829 3771 A:
853 3729 896 3770 aut
910 3722 1024 3770 desidem
1039 3719 1076 3770 P:
1097 3736 1126 3768 ac
1139 3721 1193 3768 des.

224 3789 277 3836 alm

950 3883 1071 3973 ,ενι
