3024 4568
517 421 861 482 COMMENTARIVS
883 423 1081 483 CRITICVS

334 604 370 656 32
384 603 393 642 1
406 589 452 658 qui
465 588 511 658 (Q.
522 587 648 659 Catulus)
658 607 720 644 cum
729 590 895 644 dissuadens
905 591 994 658 legem
1003 589 1030 643 in
1041 589 1171 644 contione
1181 587 1296 643 dixisset

296 694 359 732 esse
372 678 484 747 quidem
502 679 675 748 praeclarum
694 679 784 732 uirum
802 681 852 732 Cn.
869 679 1031 748 Pompeium
1045 680 1094 733 sed
1108 677 1225 731 nimium
1238 678 1296 730 iam

295 763 365 818 liber
384 775 458 819 aeret
476 765 542 834 reip.
560 783 649 836 neque
668 766 761 818 omnia
781 766 808 818 in
827 783 884 819 uno
903 767 1074 836 reponenda,
1093 765 1296 834 adiecissetque

297 851 327 906 Si
346 852 412 920 quid
431 852 495 906 huic
514 853 653 920 acciderit,
674 869 758 922 quem
777 854 804 907 in
825 853 884 907 eius
905 854 997 908 locum
1013 850 1200 907 substitutis?
1231 854 1297 906 sub·

296 940 426 992 clamauit
441 939 571 994 uniuersa
584 940 678 994 contio
691 950 746 1009 teq.
762 942 866 995 Catule.
880 943 918 994 A.

332 1025 401 1079 liber
413 1044 477 1080 aere
490 1029 523 1080 P.
552 1026 718 1081 substituitis
732 1029 764 1080 F.
793 1039 820 1081 te
835 1030 868 1095 Q.
884 1029 982 1082 Catule
995 1029 1028 1081 P.

331 1113 449 1167 Videtur
463 1115 656 1169 Murbacensis
668 1115 739 1168 liber
750 1122 833 1178 aeret,
847 1133 901 1169 non
916 1117 987 1168 liber
996 1117 1060 1169 'ciere
1071 1114 1204 1168 habuisse
1215 1132 1222 1182 ;
1242 1115 1296 1167 hoc

296 1201 414 1266 Punus,
428 1201 496 1255 illud
512 1219 576 1256 cum
592 1203 619 1256 A
642 1204 729 1255 Burer
746 1220 856 1272 quoque
876 1213 1006 1257 testatur:
1032 1203 1134 1256 liberae
1154 1200 1252 1272 [film‘
1268 1201 1297 1256 in

296 1286 340 1340 his
356 1289 441 1343 latere
461 1290 552 1343 credo,
589 1292 626 1343 At
646 1290 674 1343 in
692 1291 816 1360 eoquod
834 1291 918 1344 habet
932 1291 959 1344 A
977 1287 1145 1343 substitutis
1160 1307 1215 1342 non
1234 1290 1296 1342 sub·

294 1376 423 1442 stituilzi,
450 1393 547 1430 uerum
582 1376 842 1446 substitu[tum]itis
865 1395 997 1445 agnosco.
1046 1379 1107 1430 Nec
1138 1376 1237 1430 dubito
1268 1375 1297 1429 in

298 1463 476 1517 Murbacensi
490 1481 660 1534 praenomen
679 1464 774 1532 Quinti
793 1483 848 1517 non
869 1482 919 1534 per
935 1481 1067 1532 magnam
1082 1466 1117 1531 Q.
1135 1464 1184 1517 sed
1201 1481 1252 1532 per
1271 1481 1297 1533 q.

295 1549 430 1604 minorem
447 1552 505 1605 fere
524 1570 635 1621 semper
654 1562 796 1605 exaratum
813 1552 915 1618 fuisse3
935 1551 1154 1605 Amerbachium
1174 1553 1298 1620 hocque

296 1635 345 1706 (q.)
367 1637 584 1708 interpretatum,
607 1640 774 1692 Rhenanum
800 1649 897 1692 contra
921 1639 997 1708 quod
1022 1638 1049 1692 in
1075 1639 1171 1693 codice
1192 1637 1298 1692 inuenit

295 1725 434 1780 sententia
448 1725 499 1779 loci
514 1725 554 1779 sic
567 1728 724 1795 postulante
737 1726 909 1780 immutasse.

331 1828 397 1879 324
416 1814 627 1882 praedonesque
653 1830 702 1882 per
733 1814 819 1866 multa
851 1831 868 1866 a
900 1813 994 1867 multis
1023 1813 1091 1867 locis
1116 1812 1198 1866 uictis
1222 1811 1298 1866 circa

296 1898 415 1953 Cilitiam
430 1900 519 1953 classe
532 1901 684 1967 adgressus
698 1900 769 1953 ludit
782 1917 815 1952 ac
828 1899 944 1968 fugauit.
957 1900 996 1953 A.

331 2005 347 2039 a
360 1987 455 2040 multis
468 1987 537 2040 locis
551 1986 640 2041 uictos
653 1988 698 2040 P:
720 1987 807 2040 ‘alias
820 2003 853 2040 ac
867 2005 902 2039 m.
917 1987 933 2038 l.
948 1986 1044 2041 uictis’
1059 1988 1160 2040 Burer.

333 2076 440 2142 Magna
452 2075 498 2128 hic
511 2074 651 2128 discordia
665 2075 785 2141 testium,
799 2083 829 2127 ut
843 2073 934 2127 minor
946 2074 1028 2128 solito
1041 2075 1111 2130 fides
1130 2073 1164 2127 sit
1184 2076 1297 2128 Burero.

298 2161 401 2214 Kritzio
426 2171 520 2214 tamen
544 2161 700 2231 adstipulor
725 2179 759 2214 ac
781 2159 934 2230 recipienti,
957 2161 1068 2214 tametsi
1092 2161 1114 2214 is
1130 2161 1299 2230 permulta

296 2265 442 2318 perperam
460 2248 654 2318 interpretatus
671 2247 707 2301 sit
723 2248 835 2302 ‘multis
851 2247 955 2301 artibus
974 2248 1094 2318 bellique
1109 2247 1236 2300 modis’:
1255 2256 1299 2302 est

295 2336 371 2390 enim
384 2335 476 2406 potius
490 2336 590 2389 ‘uariis
605 2335 777 2403 temporibus
795 2352 886 2389 rerum
896 2335 920 2390 ’z
941 2345 1050 2388 constat
1064 2335 1140 2388 enim
1153 2334 1299 2403 multiplex

295 2424 397 2477 bellum
418 2441 482 2476 cum
502 2422 599 2492 piratis
620 2422 714 2488 fuisse,
741 2439 840 2491 neque
855 2421 962 2476 eisdem
987 2440 1099 2492 semper
1120 2422 1227 2490 legibus
1249 2423 1298 2475 ob-

295 2509 428 2564 strictum.

331 2599 433 2652 Fuitne
458 2600 544 2651 uictos
568 2615 604 2651 an
627 2600 709 2651 uzittrlr
728 2597 756 2651 in
777 2596 978 2650 Murbacensi?
1013 2598 1096 2651 Certe
1120 2613 1176 2650 non
1196 2596 1298 2650 desunt

263 2717 265 2724 ·
294 2685 341 2740 alii
355 2686 416 2754 loci,
430 2686 477 2740 ubi
491 2688 503 2738 i
514 2695 541 2739 et
555 2703 570 2738 o
583 2686 654 2739 inter
667 2703 697 2739 se
710 2694 881 2755 permutatas
891 2685 983 2738 Murb.
994 2683 1131 2737 habuerit.
1162 2684 1299 2753 Exempla

295 2774 410 2827 contulit
425 2773 501 2827 Kritz
514 2791 540 2841 p.
555 2773 651 2825 lxxxix.

332 2876 396 2928 331
418 2860 465 2930 qui
485 2861 586 2929 alioqui
606 2877 656 2928 per
674 2858 767 2912 omnia
786 2857 934 2912 laudabilis
950 2868 977 2913 et
995 2859 1068 2912 bello
1088 2876 1159 2928 pene
1178 2857 1298 2912 inuictus

295 2948 431 3017 pecuniae
444 2948 596 3016 pellebatur
611 2947 749 3016 cupidine.
763 2947 790 3000 A
795 2986 801 2999 .

331 3035 519 3104 expellebatur
531 3036 564 3087 P.

334 3122 493 3176 Scrinerum
514 3138 571 3174 non
594 3121 677 3174 audio
701 3120 847 3172 tenebatur
867 3129 1056 3174 autumantem
1075 3119 1155 3174 facile
1174 3118 1299 3190 potuisse

298 3209 325 3262 in
340 3209 500 3278 pellebatur
517 3207 616 3272 uitiari,
636 3207 763 3277 quamuis
787 3207 815 3260 id
838 3208 1003 3260 uocabulum
1021 3207 1176 3261 sententiae
1194 3205 1299 3275 optime

297 3295 453 3350 conueniat.
502 3294 751 3362 Palaeographiam
783 3293 805 3347 si
840 3293 991 3362 sequimur,
1023 3294 1145 3364 proxime
1172 3293 1252 3346 abest
1282 3309 1299 3343 a

297 3384 434 3452 scriptura
453 3382 480 3435 A
499 3382 526 3435 id
540 3383 615 3451 quoti
628 3398 703 3434 anno
720 3382 787 3448 1736
800 3399 832 3434 ex
852 3381 1009 3435 coniectura
1029 3381 1106 3435 dedit
1119 3381 1298 3445 Warburton‚

298 3471 347 3524 sed
361 3471 470 3523 soloece
492 3469 596 3523 omissa
618 3471 631 3521 i
651 3468 810 3537 posteriore,
825 3467 1055 3536 pellr'clibbotur.
1104 3468 1136 3520 ld
1158 3483 1245 3535 nuper
1269 3465 1297 3518 in

297 3558 416 3610 Aduers.
432 3555 498 3610 Crit.
512 3555 538 3609 ii.
553 3574 578 3625 p.
592 3571 643 3623 303
656 3554 785 3624 repetiuit
803 3564 945 3624 tamquam
965 3573 1045 3609 suum
1060 3555 1218 3620 Maduicus,
1232 3562 1298 3622 puto

299 3645 375 3713 quod
389 3644 460 3715 ipter
472 3643 645 3697 coniecturas
663 3659 733 3711 quas
748 3641 824 3694 Kritz
837 3643 1009 3695 enumerauit
1022 3660 1077 3695 non
1091 3643 1175 3695 habet
1188 3642 1297 3694 locum:

299 3742 326 3785 ct
340 3730 379 3784 sic
392 3730 479 3784 edidit
500 3731 594 3784 Halm.
633 3731 713 3796 Quae
731 3729 899 3790 emendatio,
919 3729 1046 3798 quamuis
1064 3730 1139 3782 nullo
1159 3728 1244 3782 modo
1262 3727 1299 3782 ad

776 3926 822 3977 ¹54
