2996 4520
624 423 754 483 LIBER
775 423 808 484 II

217 583 379 646 retinendis
402 584 491 646 armis
512 584 683 660 iuuentutis,
706 587 846 649 Carbone
867 607 903 648 ac
926 587 1024 650 Mario
1045 589 1218 651 consulibus

215 683 326 743 abhinc
337 704 432 744 annos
444 690 505 747 †x1
522 686 589 744 Kal.
604 685 827 746 Nouembribus
840 685 882 746 ita
891 689 931 747 ad
942 683 1057 764 portam
1068 687 1216 750 Collinam

216 800 286 842 cum
305 783 387 842 Sulla
405 781 567 854 dimicauit,
585 792 618 841 ut
640 784 679 843 ad
701 802 852 844 summum
872 783 1031 846 discrimen
1050 796 1079 845 et
1099 806 1168 846 eum
1187 796 1217 846 et

216 897 278 938 rem
292 878 443 956 publicam
460 881 643 956 perduceret,
659 899 736 957 quae
754 901 817 941 non
839 881 935 941 maius
957 881 1121 958 periculum
1143 882 1244 946 adiita

187 992 201 1040 5
217 975 397 1036 Hannibalis
415 975 492 1036 intra
510 977 629 1037 tertium
648 977 805 1038 miliarium
820 978 993 1056 conspicata
1006 991 1108 1053 castra,
1124 1000 1215 1058 quam

215 1093 252 1134 eo
273 1073 330 1147 die,
355 1094 416 1152 quo
441 1073 658 1135 circumuolans
679 1074 799 1136 ordines
823 1075 967 1138 exercitus
990 1076 1036 1137 sui
1058 1076 1214 1137 Telesinus

213 1171 412 1249 dictitansque
434 1173 540 1233 adesse
561 1172 707 1234 Romanis
731 1172 869 1233 ultimum
893 1173 974 1234 diem
998 1173 1215 1235 uociferabatur
1248 1202 1251 1206 ·

213 1271 376 1330 eruendam
404 1271 624 1348 delendamque
648 1270 761 1343 urbem,
787 1269 919 1331 adiciens
944 1291 1109 1349 numquam
1133 1274 1215 1332 defu·

168 1397 172 1404 a
214 1379 295 1428 turos
316 1377 447 1444 raptores
470 1367 591 1428 Italicae
612 1367 753 1440 libertatis
772 1369 868 1444 lupos,
890 1367 947 1428 nisi
968 1368 1050 1442 silua,
1071 1368 1101 1428 in
1123 1389 1213 1446 quam

171 1487 199 1521 10
214 1466 345 1542 refugere
359 1466 495 1538 solerent,
511 1477 589 1525 esset
603 1465 707 1526 excisa
750 1475 818 1543 post
832 1465 958 1543 pn'mam
972 1467 1095 1527 demum
1109 1468 1213 1526 horam
1228 1499 1241 1544 3

214 1561 310 1622 noctis
324 1573 354 1622 et
369 1564 508 1621 Romana
527 1561 606 1623 acies
625 1561 778 1639 respirauit
797 1572 826 1622 et
845 1561 976 1622 hostium
990 1562 1086 1623 cessit.
1129 1565 1214 1624 Tele·

208 1649 294 1719 'sinus
316 1671 435 1736 postera
458 1659 508 1720 die
530 1659 711 1720 semianimis
733 1671 865 1737 repertus
892 1671 946 1733 est,
972 1659 1092 1721 uictoris
1120 1661 1212 1738 magis

212 1775 303 1832 quam
324 1755 476 1816 morientis
499 1759 615 1817 uultum
643 1758 819 1833 praeferens,
845 1756 929 1818 cuius
951 1757 1100 1818 abscisum
1123 1770 1213 1836 caput

211 1846 291 1914 ferro
298 1853 348 1931 figi
358 1853 523 1932 gestarique
537 1854 615 1914 circa
625 1857 784 1914 Praeneste
795 1856 876 1914 Sulla
886 1854 977 1914 iussit.
1014 1865 1078 1915 tum
1089 1857 1211 1916 demum
1225 1883 1238 1930 4

166 1969 196 2020 15
210 1951 373 2029 desperatis
395 1953 483 2013 rebus
506 1951 566 2012 suis
589 1953 623 2014 C.
643 1951 757 2013 Marius
775 1954 952 2013 adulescens
973 1972 1026 2029 per
1047 1953 1210 2028 cuniculos

210 2049 262 2127 qui
277 2049 351 2110 miro
366 2070 455 2126 opere
473 2049 607 2110 fabricati
625 2049 656 2109 in
675 2048 807 2110 diuersas
826 2069 962 2127 agrorum
976 2050 1066 2127 partis
1083 2053 1210 2126 fuerunt,

209 2157 334 2207 conatus
357 2167 518 2225 erumpere,
535 2168 604 2208 cum
623 2147 768 2208 foramine
790 2167 808 2208 e
830 2158 906 2208 terra
924 2147 1099 2222 emersisset,
1117 2169 1136 2208 a
1154 2149 1211 2209 dis-

208 2244 311 2321 positis
333 2244 364 2304 in
385 2244 417 2305 id
437 2245 535 2322 ipsum
555 2245 750 2322 interemptus
772 2256 824 2306 est.
867 2257 937 2305 sunt
957 2245 1009 2323 qui
1031 2266 1085 2306 sua
1109 2268 1238 2326 manu,5

207 2354 277 2403 sunt
301 2342 353 2420 qui
377 2354 603 2403 concurrentem
626 2342 737 2403 mutuis
757 2343 866 2403 ictibus
891 2362 960 2403 cum
984 2343 1099 2405 minore
1123 2346 1210 2405 fratre

164 2462 195 2497 ιο
209 2440 340 2500 Telesini
351 2460 411 2500 una
425 2440 549 2501 obsesso
563 2451 593 2500 et
614 2453 788 2519 erumpente
807 2440 983 2501 occubuisse
1004 2441 1207 2518 prodiderunt.

208 2548 371 2615 utcumque
405 2536 521 2610 cecidit,
556 2537 707 2615 hodieque
741 2549 823 2598 tanta
856 2537 946 2614 patris
984 2537 1112 2616 imagine
1147 2560 1208 2600 non

207 2634 381 2695 obscuratur
403 2634 504 2695 †ciuis
527 2634 677 2695 memoria
720 2637 760 2695 de
788 2654 848 2712 quo
876 2634 985 2695 iuuene
1013 2635 1087 2713 quid
1114 2636 1209 2696 existi·

207 2732 330 2792 mauerit
355 2735 444 2806 Sulla,
470 2732 501 2792 in
525 2743 666 2809 promptu
690 2743 753 2806 est3
784 2731 884 2793 occiso
911 2732 992 2792 enim
1020 2735 1143 2793 demum
1171 2754 1208 2794 eo

207 2829 312 2890 Felicis
344 2851 455 2890 nomen
483 2829 657 2907 adsumpsit,
681 2832 765 2907 quod
795 2830 918 2907 quidem
949 2843 1118 2908 usurpasset
1152 2832 1208 2893 ius-

162 2953 191 3004 ²5
206 2926 327 3001 tissime,
343 2927 368 2988 si
388 2930 517 2988 eundem
540 2938 569 2988 et
583 2927 725 2988 uincendi
744 2939 773 2988 et
792 2925 915 2988 uiuendi
933 2930 1024 2989 finem
1045 2930 1205 2992 habuisset.

241 3114 252 3146 1
271 3098 338 3147 COS
355 3098 401 3148 A:
423 3099 520 3150 COSS.
538 3098 565 3147 P
627 3117 642 3150 a
659 3115 687 3148 xr
704 3099 774 3150 BA:
796 3092 839 3151 ii.
855 3098 896 3149 P:
912 3115 955 3148 cxr
964 3099 1065 3149 Aldus:
1082 3103 1207 3152 c1xKn'ta

205 3164 383 3212 antediemvr
397 3164 454 3215 Kal.
468 3165 535 3214 Nou.
550 3165 693 3214 Mommsen
785 3165 914 3228 3cumA
1008 3166 1204 3226 5hanibalisA

205 3235 288 3277 castra
305 3230 452 3291 conspicata
468 3229 509 3278 P:
537 3232 683 3292 conspicata
702 3239 784 3280 castra
802 3231 839 3294 A,
856 3233 891 3279 ita
908 3236 992 3280 tamen
1010 3237 1038 3279 ut
1052 3240 1128 3294 snper
1145 3233 1216 3282 con-¹

204 3295 303 3358 spicata
324 3295 423 3343 adderet
443 3298 468 3357 β,
492 3302 567 3358 super
582 3305 665 3346 castra
686 3314 711 3357 a,
731 3297 815 3346 ordine
840 3297 970 3345 uerbenam
998 3297 1033 3344 sic
1058 3299 1205 3360 transposito

203 3361 321 3409 6eoB:
346 3362 438 3409 eodem
448 3359 503 3407 ΑΡ
605 3361 900 3428 8adiic(tA)iensAP
993 3376 1023 3410 ro
1040 3361 1124 3412 solent
1136 3363 1204 3412 AP:

206 3426 283 3474 ‘alias
293 3425 516 3475 solerent’Burer
596 3442 626 3488 13
637 3428 782 3477 orientisA
840 3427 936 3477 cultum
944 3425 1000 3474 AP
1052 3429 1149 3477 uoltum
1160 3430 1203 3479 Ge·

202 3493 282 3540 lenius
347 3491 527 3540 abscisumA:
547 3492 725 3541 abscissumP
822 3509 851 3555 14
868 3493 936 3540 ierro
948 3493 993 3553 figi
1001 3492 1125 3557 Madtn'g:
1142 3495 1203 3543 ferri

202 3557 262 3617 ΑΡ,
275 3557 343 3619 quod
352 3556 527 3606 redundantiae
537 3557 664 3621 adscripsit
677 3558 779 3622 Georges
789 3558 818 3608 de
827 3559 910 3607 elaad.
932 3556 958 3607 V.
968 3556 997 3606 P.
1014 3567 1040 3621 p.
1055 3575 1070 3620 4
1151 3576 1202 3621 gre·

202 3625 314 3684 starique
331 3623 358 3671 A
471 3624 500 3669 16
517 3623 602 3672 ierunt
621 3623 734 3672 Gelemus
841 3638 870 3685 17
888 3623 1011 3671 foramina
1029 3632 1056 3673 et
1073 3632 1142 3674 terra
1157 3625 1202 3673 A:

193 3690 256 3750 san.
271 3688 396 3737 foramine
414 3696 514 3738 terrae:
530 3688 591 3738 Lex
610 3697 678 3738 terra
695 3689 778 3736 Halm
886 3704 917 3749 19
934 3687 1012 3737 fratre
1020 3689 1075 3736 ΑΡ
1170 3706 1203 3740 ao

201 3753 313 3802 Telesini
325 3753 425 3804 Duker:
443 3755 564 3802 Telesino
574 3753 642 3804 AP:
660 3769 716 3802 cum
728 3755 826 3803 minore
838 3754 959 3803 Telesino
976 3755 1079 3818 Lipsius
1143 3771 1201 3817 pro·

201 3820 313 3868 diderint
323 3818 350 3866 P
437 3835 470 3868 aa
487 3819 551 3869 ciuis
568 3819 639 3869 BA:
656 3820 712 3869 eius
722 3819 749 3866 P
836 3834 868 3880 24
884 3822 953 3881 quod
964 3818 1005 3868 P:
1021 3835 1073 3882 quo
1084 3819 1134 3869 BA

682 3946 714 3996 4⁵
