3010 4520
557 452 882 513 PROLEGOMENA

260 621 365 696 Itaque
379 640 415 679 ex
434 621 480 679 ed
497 620 592 681 Princ.
608 641 633 680 a
654 639 738 698 1520,
754 640 823 680 curn
837 619 925 680 uariis
942 620 1128 694 lectionibus,
1144 641 1218 698 quas

219 729 346 787 Burerus
385 749 421 787 ex
459 727 651 788 Murbacensi
689 727 821 788 enotauit
855 727 1030 804 addiditque
1065 739 1217 805 tamquam

218 835 459 909 supplementum
483 833 741 910 appendicemque
760 832 884 892 editioni
906 831 1044 909 Principi‚
1067 833 1218 909 pendebat

217 948 280 997 tota
301 938 382 998 crisis
403 939 549 999 Velleiani
574 939 670 1017 operis
695 940 850 1016 usquead
871 959 984 998 annum
1009 941 1093 1014 1834
1146 941 1217 998 Non

217 1064 278 1120 quo
299 1044 348 1104 alii
362 1066 423 1105 non
443 1045 551 1105 fuerint
572 1045 624 1122 qui
646 1043 853 1105 Murbacensis
874 1046 1044 1121 apographa
1060 1043 1219 1104 uideantur

216 1150 375 1225 habuisse3
403 1171 530 1228 quorum
566 1153 642 1211 duos
677 1151 808 1211 nomino
871 1149 954 1210 Prior
988 1161 1039 1237 est·
1064 1150 1219 1210 Bernardi-

216 1277 272 1317 nus
301 1257 532 1344 Rutiliusiuris
560 1261 713 1318 consultus
742 1260 927 1334 1504-1538.
971 1259 1065 1316 Hunc
1094 1255 1218 1316 Fuluius

216 1363 341 1423 Vrsinus
360 1363 575 1443 (1529-1600)‚
591 1364 621 1423 in
635 1365 725 1424 Natis
744 1365 787 1422 ad
803 1365 981 1439 Fragmenta
1001 1363 1216 1422 Irbstaricarum

215 1487 295 1528 anno
314 1486 387 1546 1595
404 1469 499 1542 editis,
515 1489 543 1546 p.
560 1486 628 1546 415,
648 1479 771 1528 testatus
793 1479 837 1528 est
857 1467 889 1527 in
910 1488 964 1527 suo
986 1467 1091 1527 codice
1112 1467 1218 1527 substi-

215 1574 307 1634 tuisse
324 1577 448 1633 man'bas
465 1594 519 1651 pro
534 1576 699 1634 muneribus
712 1576 787 1633 Vell.
804 1573 832 1634 ii.
850 1576 896 1647 48.
916 1595 930 1632 2
939 1573 1074 1650 perjectas
1093 1575 1218 1633 muneri-

215 1681 267 1737 bus
288 1680 401 1739 theatri.
446 1679 529 1738 Hinc
543 1679 668 1739 Vrsinus
683 1679 854 1739 emendauit
871 1680 988 1738 moeniis
1005 1680 1054 1738 uel
1074 1680 1217 1738 maenibus

217 1783 256 1862 (p.
274 1782 354 1863 422).
399 1786 485 1860 Quae
499 1784 669 1844 coniectura
683 1784 751 1844 licet
771 1784 935 1844 necessaria
948 1804 1010 1844 non
1030 1784 1067 1844 sit
1082 1783 1216 1863 (munera

216 1890 295 1950 enirn
317 1892 467 1967 absumpta
489 1892 553 1968 igni
565 1890 637 1950 dixit
652 1889 783 1950 Velleius
797 1889 826 1949 ii.
846 1911 910 1966 130.
930 1889 967 1969 1),
984 1910 1000 1950 e
1022 1910 1093 1950 uero
1115 1901 1215 1950 tamen

214 1998 298 2056 fonte
318 1996 436 2057 uidetur
455 1999 579 2056 ductum
598 1996 672 2056 illud
693 1998 823 2070 maribus,
844 1999 967 2056 fortasse
990 2017 1026 2056 ex
1046 1996 1112 2073 ipso
1136 1999 1217 2055 Mur-

215 2101 343 2162 bacensi.
388 2102 488 2162 Potuit
509 2102 589 2162 enirn
608 2103 789 2162 uocabulum
810 2101 870 2162 illic
891 2102 934 2162 sic
955 2102 1096 2180 scripturn
1118 2113 1216 2163 extare

215 2219 247 2267 ut
261 2207 310 2267 alii
325 2210 497 2282 munen'bm,
512 2208 562 2267 alii
577 2210 699 2268 maribus
713 2208 869 2269 uideretur.

254 2314 384 2374 Alterius
394 2315 555 2392 apographi
570 2315 683 2376 mentio
697 2317 775 2375 facta
788 2327 833 2376 est
843 2336 861 2375 a
873 2318 1091 2376 Montfaucono
1107 2315 1217 2376 Biblio

215 2423 290 2480 thee.
309 2421 561 2481 Bibliothecarum
576 2421 604 2480 ii.
621 2441 648 2498 p.
666 2443 742 2496 1014
755 2425 792 2494 D,
808 2422 861 2481 ubi
875 2421 953 2482 inter
965 2422 1056 2482 libros
1072 2421 1217 2484 Colberti-

215 2547 269 2586 nos
284 2526 315 2585 in
331 2527 425 2604 Regia
444 2527 600 2587 Parisiensi
620 2548 744 2587 numero
764 2505 985 2605 signatus'6571
1003 2530 1103 2587 locum
1125 2528 1216 2587 habet

223 2635 341 2692 Velleius
363 2635 536 2694 Paterculus
556 2653 618 2693 cum
641 2634 715 2692 libra
738 2635 828 2694 MSS
848 2632 916 2713 (sic)
941 2637 1060 2693 collatus
1084 2654 1103 2693 a
1126 2635 1217 2694 Petra

213 2740 339 2798 Pittaco.
384 2740 443 2799 Sed
465 2739 514 2798 hic
539 2738 614 2799 liber
636 2739 753 2799 Pithoei
777 2759 927 2799 unacum
953 2743 1028 2798 1600
1049 2739 1113 2798 aliis
1134 2757 1215 2799 anno

218 2862 292 2921 173²
319 2865 354 2904 ex
381 2844 563 2905 bibliotheca
590 2845 764 2906 Colbertina
787 2848 944 2905 translatus
965 2845 996 2905 in
1020 2844 1214 2904 Tabularium

215 2950 400 3027 negotiorum
422 2962 587 3011 exterorum
610 2950 725 3030 (Depdt
750 2953 803 3010 des
824 2951 938 3010 affaires
962 2948 1140 3029 etrangeres)
1162 2970 1215 3027 per

215 3057 315 3116 turbas
346 3057 447 3117 ciuiles
476 3057 586 3118 saeculi
613 3057 681 3116 xviii
709 3057 842 3117 exeuntis
870 3057 991 3134 periisse
1019 3055 1148 3116 creditur
1174 3057 1214 3116 ab

216 3162 320 3236 Hesio,
350 3183 440 3240 quem
469 3163 634 3224 Seebodius
667 3175 819 3241 rogauerat
850 3176 883 3223 ut
917 3183 986 3223 eum
1014 3161 1212 3238 inuestigaret,

215 3267 258 3327 uti
280 3279 402 3329 testatus
425 3280 469 3328 est
494 3269 622 3330 Orellius
646 3269 677 3328 in
706 3271 752 3329 ed.
778 3269 874 3329 Vellei
900 3268 1047 3346 Lipsiensi
1070 3289 1096 3329 a.
1127 3272 1212 3347 1835,

214 3393 241 3450 p.
258 3373 294 3433 xi.

255 3479 367 3541 Orellio
402 3481 527 3540 debetur
561 3482 643 3557 quod
678 3501 771 3540 unum
806 3482 905 3540 adhuc
943 3501 1034 3539 manu
1071 3476 1213 3557 scripturn

214 3598 346 3663 superest
361 3586 472 3647 codicis
493 3586 699 3646 Murbacensis
720 3588 912 3663 apographon
923 3608 931 3660 ;
952 3586 1093 3663 scripturn
1113 3598 1213 3647 autem

214 3703 258 3752 est
293 3713 374 3752 anno
410 3696 486 3770 1516
513 3712 531 3751 a
560 3691 715 3752 Bonilacio
748 3692 925 3751 Amerbach.
981 3695 1051 3751 Hoc
1084 3691 1213 3752 Orellius

215 3798 348 3859 Basileae
376 3820 411 3859 ex
436 3797 617 3858 bibliotheca
645 3797 835 3872 Academica,
865 3797 917 3857 ubi
944 3797 1108 3870 delituerat,
1132 3817 1213 3858 anno

699 3919 726 3951 xl
