2996 4520
600 399 755 458 VELLEI
777 398 1018 460 PATERCVLI

310 581 383 640 quas
411 574 440 623 et
465 566 574 626 Caesar
596 562 756 623 iustissimo
778 561 879 622 animo
903 562 1072 639 postulabat
1094 573 1123 621 et
1146 559 1306 638 Pompeius

310 680 408 739 aequo
421 661 589 739 recipiebat,
605 660 743 721 discussit
756 680 792 720 ac
806 659 891 738 rupit,
907 659 995 720 unice
1014 670 1138 720 cauente
1161 659 1306 721 Cicerone

310 759 488 819 concordiae
509 758 653 836 publicae.
696 760 801 817 harum
820 757 1101 835 praeteritarumque
1118 777 1215 817 rerum
1233 757 1306 816 ordo

311 877 379 917 cum
400 857 483 918 iustis
505 857 629 918 aliorum
650 856 853 917 uoluminibus
874 868 1033 933 promatur,
1052 867 1125 929 tum,
1147 856 1191 916 uti
1211 871 1305 933 spero,

282 954 417 1015 onostris
440 954 639 1032 explicabitur.
682 973 763 1013 nunc
785 952 937 1030 proposito
960 951 1042 1030 operi
1063 972 1116 1012 sua
1134 954 1229 1013 sonna
1245 952 1334 1022 red-5

311 1055 404 1125 datur,
427 1052 452 1112 si
474 1053 554 1130 prius
575 1053 735 1130 gratulatus
757 1071 808 1110 ero
830 1051 867 1126 Q.
894 1051 1010 1124 Catu10,
1033 1051 1152 1111 duobus
1177 1049 1307 1110 Lucullis

312 1150 496 1227 Metelloque
510 1160 539 1209 et
555 1147 727 1220 Hortensi0,
740 1147 799 1225 qui,
812 1167 880 1207 cum
895 1146 959 1207 sine
973 1147 1086 1207 inuidia
1099 1146 1130 1206 in
1144 1168 1175 1207 re
1189 1145 1309 1224 publica

312 1247 479 1308 floruissent
500 1247 754 1324 eminuissentque
776 1245 840 1306 sine
861 1245 1001 1323 periculo,
1026 1245 1126 1322 quieta
1152 1257 1203 1305 aut
1230 1256 1308 1305 certe

312 1369 373 1409 non
387 1350 578 1428 praecipitata
591 1349 670 1409 fatali
684 1360 753 1409 ante
767 1347 883 1408 initium
898 1348 1044 1408 bellorum
1061 1347 1192 1408 ciuilium
1214 1359 1308 1408 morte

312 1449 406 1509 functi
421 1462 496 1510 sunt.
1325 1464 1359 1498 10

256 1557 299 1615 49
355 1548 483 1607 Lentulo
511 1558 539 1606 et
568 1547 711 1606 Marcello
739 1544 910 1605 consulibus
937 1555 1005 1621 post
1029 1545 1133 1605 urbem
1158 1546 1309 1606 conditam

313 1643 398 1704 annis
416 1649 550 1718 †uccur,
571 1656 600 1705 et
621 1664 716 1704 annos
738 1660 860 1702 Lxxvur
882 1653 959 1715 ante,
978 1662 1068 1720 quam
1083 1654 1124 1716 tu,
1142 1646 1183 1703 M.
1200 1644 1307 1718 Vinici,

286 1744 499 1803 aeonsulatum
531 1742 628 1816 inires,
657 1743 769 1802 bellum
797 1740 883 1801 ciuile
911 1740 1023 1800 exarsit.
1076 1741 1195 1802 alterius
1225 1743 1309 1804 ducis

313 1859 402 1899 causa
429 1839 532 1899 melior
556 1839 721 1912 uidebatur,
747 1836 865 1898 alterius
889 1848 951 1896 erat
975 1835 1102 1896 firmior:
1137 1837 1186 1898 hic
1210 1840 1311 1899 omnia

313 1937 455 2013 speciosa,
492 1937 552 1997 illic
585 1937 731 1997 ualentia:
777 1934 954 2012 Pompeium
989 1947 1108 1995 senatus
1142 1937 1307 2011 auctoritas,
1325 1959 1356 2008 15

313 2039 471 2098 Caesarem
506 2035 632 2096 militum
669 2035 794 2095 armauit
828 2033 944 2094 fiducia
1010 2037 1147 2095 consules
1182 2048 1310 2097 senatus-

314 2153 373 2210 que
403 2153 517 2206 causae,
550 2153 611 2193 non
642 2132 786 2208 Pompeio
818 2151 966 2191 summam
996 2131 1100 2209 imperi
1133 2134 1307 2194 detulerunt.

287 2229 388 2297 3nihi1
420 2229 554 2289 relictum
588 2250 607 2289 a
634 2231 769 2301 Caesare,
799 2230 881 2304 quod
916 2229 1079 2288 seruandae
1106 2228 1187 2306 pacis
1222 2250 1311 2290 causa

314 2318 451 2405 temptari
472 2339 581 2404 posset,
604 2327 678 2386 nihil
701 2338 852 2403 receptum
877 2347 895 2386 a
917 2326 1115 2403 Pompeianis,
1142 2348 1211 2388 cum
1238 2332 1310 2389 alter

314 2426 470 2484 consulum
485 2424 563 2484 iusto
577 2435 654 2484 esset
662 2423 794 2497 ferocior,
808 2425 951 2484 Lentulus
965 2443 1036 2483 uero
1052 2426 1133 2484 salua
1146 2445 1177 2484 re
1191 2425 1311 2503 publica
1326 2449 1358 2484 ιο

314 2522 413 2581 saluus
434 2541 499 2582 esse
519 2542 581 2582 non
603 2532 711 2599 posset,
735 2523 777 2579 M.
801 2532 900 2580 autem
922 2521 998 2582 Cato
1023 2520 1210 2602 moriendum
1232 2533 1309 2595 ante,

315 2639 405 2696 quarn
428 2621 518 2678 ullam
541 2618 750 2679 condicionem
772 2617 874 2683 †ciuis
896 2618 1100 2695 accipiendam
1120 2618 1161 2678 rei
1175 2620 1312 2697 publicae

315 2718 516 2790 contenderet,
533 2715 577 2775 uir
595 2715 734 2793 antiquus
754 2725 783 2775 et
802 2714 898 2791 grauis
918 2715 1043 2792 Pompei
1061 2726 1158 2792 partes
1180 2718 1312 2776 laudaret

315 2813 416 2892 magis,
445 2816 575 2892 prudens
603 2826 773 2892 sequeretur
801 2814 935 2878 Caesaris
963 2827 991 2876 et
1019 2815 1069 2875 illa
1100 2817 1234 2892 gloriosa,
1262 2817 1313 2877 illa

347 2991 363 3022 2
380 2973 491 3022 kaueute
502 2971 528 3018 A
541 2989 547 3021 r
564 2972 667 3021 fauente
679 2973 787 3036 Maduig
879 2991 894 3034 4
911 2973 1001 3022 iustius
1012 2971 1070 3034 ΑΡ,
1083 2989 1133 3022 em.
1150 2973 1268 3036 Gelenius,
1282 2973 1312 3036 cs.

316 3055 370 3102 119.
383 3054 394 3085 1
469 3054 486 3099 9
503 3038 668 3100 praecipitata
679 3039 783 3087 ciuitate
792 3039 916 3086 Ruhnken
926 3057 933 3088 ι
950 3038 1082 3100 praecipiti
1094 3038 1197 3088 ciuitate
1206 3039 1314 3104 Madue'g

317 3137 344 3170 11
365 3121 460 3170 COSS.
478 3112 575 3171 Ρεῖἧ.
589 3121 615 3168 Α
685 3137 715 3170 12
731 3125 805 3172 annis
821 3122 889 3171 AP:
912 3140 934 3171 a·
947 3138 985 3172 cc·
997 3139 1028 3171 111
1039 3122 1109 3169 AB:
1128 3114 1214 3170 nce]
1219 3121 1249 3185 Ρ,
1264 3137 1310 3169 eor·

316 3187 377 3234 rexit
395 3187 508 3234 Gelenius
607 3199 637 3246 15
654 3195 719 3248 spet.
739 3187 764 3234 A
876 3203 905 3250 17
923 3205 976 3237 non
995 3188 1063 3236 AP:
1088 3188 1193 3235 nomine
1215 3187 1313 3236 Gronov

315 3251 351 3300 ad
365 3251 430 3300 Stat.
443 3251 473 3300 S.
487 3251 522 3301 iii.
540 3267 563 3314 3.
580 3259 605 3315 p.
617 3255 666 3313 33⁶
682 3252 717 3300 ed.
735 3249 822 3304 Hand.
849 3252 902 3302 Sed
915 3254 945 3315 cfi
963 3253 1048 3302 Lucan
1065 3269 1088 3301 v.
1107 3269 1136 3314 14
1153 3268 1206 3301 non
1224 3252 1312 3313 Magni

316 3324 410 3379 partes,
430 3317 477 3364 sed
495 3317 616 3379 Magnum
634 3318 660 3365 in
677 3319 791 3380 partibus
812 3333 870 3367 esse
1002 3335 1033 3381 19
1049 3318 1168 3379 temptari
1185 3317 1211 3364 A
1230 3319 1310 3380 pn'us,

311 3405 370 3464 post
388 3400 491 3458 tentari,
511 3400 579 3462 quad
598 3399 668 3447 habet
685 3405 708 3447 et
724 3399 750 3446 P
823 3401 905 3449 altero
916 3399 970 3448 AP
1033 3416 1066 3448 ao
1081 3392 1214 3449 CUM:
1237 3399 1312 3448 COS.

315 3465 356 3514 P:
381 3481 437 3512 curn
460 3465 526 3512 alter
547 3465 681 3514 consulum
698 3465 780 3512 Halm
885 3481 914 3514 21
935 3467 1021 3514 saluus
1041 3465 1094 3526 del,
1116 3466 1171 3514 dein
1190 3473 1312 3528 suprascr.

316 3546 373 3578 curn
394 3531 480 3578 saluus
499 3529 526 3576 A
625 3546 657 3578 aa
673 3531 846 3579 conditionem
867 3531 920 3597 (sic)
936 3531 962 3578 A
981 3532 1064 3579 omr'sit
1079 3533 1105 3579 r'n
1123 3536 1197 3592 textu,
1213 3530 1269 3578 add.
1285 3530 1312 3577 r'n

318 3611 396 3658 marg.
479 3596 543 3644 ciuis
559 3595 627 3644 AP:
649 3597 762 3645 cuiusuis
779 3597 920 3646 Ruhnken:
937 3613 1001 3645 num
1018 3613 1074 3646 curn
1093 3597 1165 3646 ciuel
1280 3610 1312 3656 23

312 3666 370 3724 post
394 3662 562 3709 contenderet
588 3663 664 3725 uulgo
691 3661 815 3724 Cupemm
836 3663 911 3710 senati
930 3664 1000 3724 plene
1024 3663 1216 3725 enteepungunl:
1251 3661 1315 3708 miln'

318 3726 414 3774 uraetur
428 3727 538 3774 clausula
556 3726 770 3777 uir...duceret
792 3727 872 3774 artius
901 3743 957 3776 cum
976 3727 1171 3790 praecedentibus
1193 3726 1313 3774 enhaema

317 3807 394 3854 quam
412 3798 440 3839 ut
455 3793 486 3839 ab
502 3792 533 3840 iis
548 3791 702 3840 dr'stralratur
796 3807 828 3855 24
846 3792 1001 3843 illa...illa
1017 3793 1044 3840 A
1056 3809 1063 3841 t
1090 3792 1266 3844 illa...haec
1288 3789 1314 3839 P

315 3857 427 3919 gloriosa
437 3857 506 3906 AP:
522 3857 673 3920 gloriosiora
686 3857 766 3921 Cuper

797 3934 829 3985 68
