3010 4520
604 467 733 527 LIBER
759 467 791 526 II

197 647 226 698 et
250 635 324 696 ciuis
346 637 501 696 Romanos
521 635 561 696 ad
582 635 766 696 censendum
787 655 823 694 ex
843 631 1004 712 prouinciis
1025 631 1056 692 in
1078 632 1195 693 Italiam
1256 641 1258 646 ’

196 746 416 798 reuocauerant.
459 734 554 814 prima
567 747 668 797 autem
684 747 765 796 extra
779 735 896 796 Italiam
915 735 1033 796 colonia
1047 735 1195 811 Carthago

197 833 319 894 condita
332 830 399 914 est]

238 934 322 992 Mors
352 930 442 992 Drusi
474 930 533 991 iam
563 931 679 1008 pridem
712 942 881 992 tumescens
912 931 1025 991 bellum
1058 929 1195 992 excitauit
1209 944 1242 1004 15

140 1073 142 1077 s
170 1027 336 1099 5Italicum
348 1051 357 1104 ς
391 1029 503 1108 quippe
536 1032 568 1089 L.
599 1031 727 1092 Caesare
756 1040 786 1090 et
814 1032 845 1089 P.
881 1029 995 1090 Rutilio
1023 1027 1196 1090 consulibus

196 1127 307 1188 abhinc
339 1127 426 1188 annis
457 1145 530 1201 cxx,
560 1127 698 1188 uniuersa
731 1127 825 1212 Italia,
854 1147 923 1188 cum
954 1125 986 1187 id
1018 1128 1130 1187 malum
1157 1125 1196 1206 ab

197 1221 355 1286 Asculanis
370 1236 468 1286 ortum
482 1235 560 1285 esset
578 1225 701 1305 (quippe
721 1225 878 1286 Seruilium
896 1236 1062 1302 praetorem
1081 1223 1198 1285 Fontei-

198 1342 310 1400 umque
331 1324 460 1400 legatum
481 1321 664 1402 occiderant)
685 1343 721 1383 ac
742 1323 852 1384 deinde
872 1343 890 1382 a
911 1323 1019 1384 Marsis
1040 1333 1197 1400 exceptum

198 1419 229 1482 in
257 1419 355 1480 omnis
383 1430 564 1496 penetrasset
591 1419 734 1498 regiones,
763 1440 845 1480 arma
871 1422 1013 1481 aduersus
1042 1421 1197 1479 Romanos

155 1540 186 1575 ιο
199 1516 285 1593 cepit.
330 1537 457 1594 quorum
478 1527 510 1576 ut
530 1519 648 1577 fortuna
668 1529 758 1591 atrox,
776 1517 818 1577 ita
838 1537 927 1578 causa
947 1517 1002 1577 suit
1020 1514 1224 1576 iustissimam

198 1602 341 1691 petebant
365 1613 446 1675 enim
470 1634 536 1674 eam
561 1615 721 1690 ciuitatem,
744 1615 828 1676 cuius
849 1615 1006 1692 imperium
1027 1614 1115 1674 armis
1137 1624 1197 1673 tue

198 1712 324 1776 bantur:
345 1733 397 1789 per
411 1711 509 1773 omnis
523 1732 618 1796 annos
632 1725 722 1791 atque
736 1713 838 1774 omnia
851 1715 930 1774 bella
944 1711 1056 1790 duplici
1072 1730 1197 1771 numero

199 1825 231 1870 se
259 1808 386 1869 militum
411 1810 606 1888 equitumque
629 1810 712 1888 fungi
736 1831 834 1890 neque
858 1810 890 1870 in
914 1810 977 1871 eius
1002 1808 1128 1869 ciuitatis
1150 1807 1197 1867 ius

198 1905 298 1983 recipi,
315 1927 391 1984 quae
407 1927 460 1986 per
478 1929 530 1969 eos
551 1908 582 1968 in
603 1908 634 1970 id
652 1908 751 1986 ipsum
769 1907 952 1986 peruenisset
973 1905 1129 1984 fastigium,
1145 1925 1198 1984 per

156 2021 184 2073 15
199 2005 282 2081 quod
306 2005 443 2066 homines
465 2005 599 2067 eiusdem
621 2017 650 2066 et
670 2006 765 2084 gentis
787 2017 816 2067 et
837 2004 987 2083 sanguinis
1008 2015 1041 2064 ut
1061 2015 1197 2064 externos

196 2097 370 2179 alienosque
392 2103 524 2164 fastidire
547 2115 655 2182 posset.
699 2104 731 2164 id
754 2105 867 2164 bellum
888 2102 1015 2179 amplius
1036 2120 1093 2162 ccc
1114 2104 1225 2178 milt'a3

196 2197 359 2260 iuuentutis
385 2200 506 2262 Italicae
530 2201 658 2262 abstulit.
708 2201 861 2262 clarissimi
885 2212 985 2281 autem
1006 2199 1197 2278 imperatores

196 2298 315 2356 suerunt
331 2298 461 2358 Romani
476 2318 512 2359 eo
527 2299 606 2359 bello
622 2301 676 2361 Cn.
694 2299 863 2376 Pompeius,
880 2299 942 2382 Cn.¹
953 2297 1078 2374 Pompei
1093 2297 1197 2375 Magni

196 2405 288 2470 pater,
311 2395 345 2456 C.
363 2395 485 2468 Marius,
501 2397 540 2456 de
561 2416 622 2473 quo
643 2396 850 2474 praediximus,
872 2399 904 2455 L.
926 2397 1007 2457 Sulla
1027 2415 1107 2455 anno
1128 2406 1197 2455 ante

154 2513 184 2547 20
197 2501 334 2568 praetura
347 2493 474 2566 functus,
491 2494 528 2568 Q.
540 2495 695 2567 Metellus,
712 2493 866 2554 Numidici
885 2493 971 2567 tilius,
987 2493 1039 2570 qui
1059 2492 1197 2552 meritum

198 2607 366 2664 cognomen
390 2589 436 2649 Pii
460 2603 638 2652 consecutus
659 2603 738 2652 erat:
769 2591 881 2670 quippe
902 2592 1056 2667 expulsum
1076 2589 1226 2668 ciuitate4
1270 2632 1277 2643 ..

197 2705 215 2743 a
236 2687 269 2744 L
286 2686 445 2747 Saturnino
465 2687 585 2748 tribuno
603 2689 652 2765 pl,
669 2691 752 2766 quod
771 2692 851 2750 solus
870 2687 902 2747 in
922 2689 1001 2765 leges
1019 2686 1082 2746 eius
1103 2686 1197 2746 iurare

197 2783 340 2856 noluerat,
376 2783 485 2860 pietate
516 2806 576 2858 sua,
610 2787 784 2847 auctoritate
817 2796 944 2858 senatus,
973 2804 1121 2845 consensu
1156 2784 1198 2844 rei

197 2879 335 2956 publicae
369 2881 494 2965 restituit
528 2895 650 2959 patrem.
693 2905 750 2944 nec
784 2882 940 2960 triumphis
974 2881 1199 2958 honoribusque

155 3002 184 3051 ²5
198 2993 289 3052 quam
317 2988 368 3037 aut
400 2998 490 3039 causa
521 2980 588 3040 exili
615 2992 666 3041 aut
696 2981 783 3042 exilio
810 2993 861 3041 aut
889 2979 985 3040 reditu
1013 2977 1117 3038 clarior
1144 2978 1199 3038 fuit

199 3072 386 3134 Numidicus

239 3170 411 3231 Italicorum
432 3184 532 3235 autem
553 3177 672 3237 fuerunt
691 3175 874 3238 celeberrimi
893 3146 986 3236 duces
1005 3173 1066 3235 Silo
1086 3176 1198 3251 Popae-
1209 3183 1247 3240 16

233 3341 244 3372 1
263 3333 290 3374 et
301 3326 346 3376 A:
363 3335 392 3376 ut
402 3327 429 3376 P
474 3331 503 3380 C.
517 3331 550 3382 R.
561 3331 616 3380 AP
703 3349 719 3381 α
736 3333 915 3381 reuocauerint
926 3331 994 3379 AP:
1011 3337 1198 3379 reuocauerant

197 3390 344 3440 Arallahus:
372 3401 400 3442 ut
422 3399 687 3446 et...reuocauerint
706 3399 816 3447 Thomas
914 3396 987 3458 5P.]
1007 3396 1129 3457 Pompeio
1146 3394 1201 3442 AP

197 3458 214 3504 6
231 3471 312 3506 annos
323 3458 363 3507 P:
385 3460 474 3509 ‘annis
486 3461 523 3526 A,
537 3469 565 3510 ut
576 3464 632 3512 item
646 3462 732 3514 APn.
745 3466 785 3524 65.
799 3479 814 3510 n
826 3463 918 3511 abhinc
935 3462 1016 3522 annis,
1031 3462 1094 3508 altas
1104 3469 1201 3523 semper

197 3522 290 3572 abhinc
310 3523 408 3574 annos'
424 3527 507 3574 Halm
573 3530 693 3578 uniuersa
712 3529 784 3578 ltalia
802 3545 858 3576 cum
878 3528 903 3576 id
922 3527 1014 3575 malum
1031 3525 1076 3574 A:
1095 3523 1154 3574 cum
1171 3527 1198 3574 id

198 3588 292 3637 malum
307 3590 333 3638 in
348 3592 468 3640 uniuersa
486 3591 558 3641 ltalia
572 3593 598 3641 P
693 3591 884 3656 7quippeAP
947 3592 1065 3641 Seruium
1077 3591 1197 3652 AP,em.

197 3652 284 3702 Aldus
350 3656 561 3720 Fontemiumque
581 3659 631 3706 BA
737 3662 800 3709 Bac
823 3659 917 3706 deinde
935 3674 950 3706 a
969 3656 1062 3705 Marsis
1080 3655 1106 3703 P
1122 3661 1145 3703 et
1160 3655 1196 3715 A,

197 3718 242 3766 sed
254 3719 293 3768 hic
307 3725 511 3787 suprasm'ptum,
531 3740 587 3773 mm
600 3727 673 3788 pn'us
681 3726 775 3787 suisset
791 3731 817 3773 et
835 3723 925 3771 marsis
1039 3739 1055 3784 9
1072 3720 1155 3770 omnis
1170 3720 1195 3766 A

199 3802 333 3863 13aeq.A
435 3806 466 3852 16
482 3799 536 3856 655.
548 3805 607 3870 ΑΡ,
621 3823 670 3856 om.
684 3807 752 3855 milia
852 3807 881 3854 18
899 3802 1079 3866 PompeiiAP
1111 3801 1113 3804 ’
1165 3817 1198 3850 20

198 3883 324 3946 functusq.
338 3885 494 3936 MetellusA
555 3889 675 3944 ,aaaA
687 3906 693 3937 ε
717 3905 766 3939 om.
785 3888 812 3936 P
884 3875 941 3941 PR]
955 3887 981 3934 P·
996 3884 1060 3934 L·A
1165 3899 1197 3944 23

197 3948 261 4012 reip.
269 3949 342 3999 'APz
360 3952 387 4001 P.
399 3952 430 4002 R.
440 3952 569 4030 Puteanus
666 3968 697 4015 25
715 3955 785 4003 exilii
794 3953 848 4002 ΑΡ
942 3968 974 4015 27
991 3953 1118 4014 popedius
1129 3950 1155 3999 A

664 4045 697 4094 aa
1057 4029 1074 4084 3
