3024 4568
513 405 858 466 COMMENTARIVS
880 406 1078 468 CRITICVS

299 571 370 628 iuter
382 589 412 627 se
430 573 580 642 permutari
593 591 610 626 a
623 573 747 641 librariis,
760 573 838 628 cuius
850 573 890 628 rei
903 575 1028 642 exempla
1044 583 1108 628 sunt
1120 572 1191 628 Vell.
1207 585 1265 639 127.
1281 586 1293 627 1

299 665 332 712 ut
343 660 428 712 diuus
438 661 590 730 Augustus
599 662 642 714 M.
653 661 787 731 Agrippa
798 668 825 714 et
830 664 962 731 proxime
974 662 1008 714 ab
1019 679 1049 714 eo
1061 661 1178 715 Statilio
1191 663 1218 714 Τ
1214 678 1295 727 aura,

298 745 344 799 ubi
356 746 414 799 ΑΡ
425 748 529 801 habent
541 750 676 801 maxime:
702 747 765 802 uide
779 748 1041 802 Drakenborchium
1054 748 1091 802 ad
1106 747 1164 801 Liu.
1177 746 1238 801 xxii.
1251 761 1296 814 22,

299 845 324 897 7,
341 834 532 887 Burmannum
551 834 588 886 ad
600 834 671 887 Vell.
691 834 717 887 ii.
737 835 779 902 36,
803 836 867 888 Luc.
883 854 908 888 x.
926 836 995 902 408:
1019 845 1149 904 extatque
1169 834 1294 888 eiusdem

297 919 336 974 rei
359 919 505 989 uestigium
527 920 555 974 in
576 922 604 974 A
632 936 689 987 114.
711 934 735 991 5,
757 921 804 975 ubi
826 921 1030 976 Amerbachius
1051 925 1101 975 uir
1120 924 1243 975 nominis
1263 938 1298 974 ac

287 1008 409 1077 fortune
426 1025 520 1060 eorum
535 1018 618 1066 mer
625 1010 775 1077 proximus
793 1008 911 1078 scripsit,
930 1010 988 1062 h.e.
1003 1009 1077 1080 quod
1095 1007 1170 1077 prius
1189 1009 1295 1076 legerat

297 1094 447 1159 maximus,
471 1111 522 1164 pro
552 1112 587 1149 eo
605 1105 669 1164 post
693 1095 759 1164 legit
777 1098 937 1164 proximus.
986 1096 1043 1150 Sed
1067 1112 1123 1149 non
1148 1105 1206 1148 tam
1227 1093 1295 1148 artis

298 1181 513 1250 palaeographia
525 1181 630 1251 legibus
646 1183 809 1250 continetur,
823 1193 921 1236 utnon
936 1182 1021 1238 etiam
1038 1182 1113 1236 aliud
1130 1182 1249 1252 potuerit
1266 1181 1295 1235 in

291 1269 426 1336 prosimu
438 1268 555 1323 mutari:
575 1287 626 1323 nec
638 1271 719 1338 longe
732 1270 810 1324 abest
823 1270 859 1323 ab
872 1288 904 1324 eo
911 1271 1050 1340 plurima.

332 1371 371 1408 111
384 1369 401 1420 4
413 1365 518 1425 quanto
531 1373 593 1409 cum
608 1367 826 1426 temperamento
843 1356 924 1411 simul
940 1356 1062 1411 utilitatis
1072 1374 1119 1411 res
1131 1357 1295 1412 auctoritate

297 1439 475 1510 imperatoria
487 1442 531 1510 agi
545 1441 674 1496 uidimus.
688 1444 753 1498 ΑΡ.

333 1528 362 1583 Si
385 1529 581 1583 emendatione
601 1540 695 1598 egeret
719 1531 834 1584 uerbum
860 1532 1003 1597 utilitatis,
1026 1547 1082 1583 non
1106 1530 1296 1600 simplicitatis

297 1616 372 1684 quod
385 1615 507 1680 Eldikio,
520 1633 572 1669 nec
588 1617 715 1669 lenitatis
728 1618 805 1686 quod
823 1617 945 1683 Halmi0,
960 1633 1050 1686 neque
1066 1634 1131 1671 uero
1147 1618 1297 1670 ciui'li'tati's

296 1704 372 1772 quod
384 1713 446 1772 post
460 1703 658 1756 Ruhnkenium
676 1703 780 1772 placuit
794 1703 936 1771 Maduic0,
950 1705 1000 1758 sed
1016 1703 1187 1757 humilitatis
1204 1703 1295 1772 potius

295 1790 513 1859 palaeographia
525 1791 595 1845 duce
608 1790 783 1860 praeferrem.
822 1790 868 1846 Sic
881 1791 993 1845 enimin
1005 1790 1216 1845 Sendelraiii.
1230 1805 1295 1844 12.2

296 1878 414 1947 uiserre
426 1895 459 1932 ae
465 1878 533 1947 pati
543 1883 595 1930 aut
605 1877 762 1931 humanum
779 1881 818 1931 sit
828 1884 880 1931 aut
891 1878 1004 1941 humile,
1018 1895 1052 1933 ex
1069 1877 1155 1947 ipsius
1170 1877 1294 1932 Maduici

296 1963 454 2019 coniectura
473 1964 598 2019 Gertzius
617 1963 702 2018 edidit
721 1966 799 2032 utile,
818 1965 977 2033 postulante
995 1963 1035 2018 sic
1055 1963 1198 2019 sententia
1237 1965 1295 2019 Sed

296 2070 350 2105 non
365 2051 437 2105 circa
450 2052 503 2104 hoc
521 2052 636 2105 uerbum
653 2052 760 2105 laborat
778 2049 914 2120 scriptura
929 2068 1013 2120 quam
1030 2052 1088 2104 ΑΡ
1100 2051 1247 2117 exhibent;
1268 2049 1295 2104 in

294 2141 384 2192 simul
403 2137 494 2207 potius
517 2139 627 2192 haereo.
666 2139 699 2190 ld
718 2137 905 2207 Wopkensius
925 2137 964 2202 sic
985 2137 1180 2208 interpretatus
1200 2149 1243 2193 est
1265 2147 1295 2192 ut

296 2225 399 2279 diceret
418 2226 451 2278 V.
476 2223 666 2278 auctoritatem
691 2223 863 2294 imperatoris
883 2242 946 2279 cum
969 2235 1190 2295 temperamento
1213 2224 1296 2278 simul

296 2310 419 2366 utilitatis
432 2310 515 2364 luisse
529 2309 712 2376 coniunctam,
726 2328 783 2364 non
800 2313 886 2366 multo
902 2330 982 2366 secus
1000 2330 1033 2366 ac
1047 2312 1160 2367 Tacitus
1173 2315 1247 2366 Ann.
1259 2313 1295 2366 xi.

296 2415 320 2465 4.
330 2415 354 2465 4,
366 2416 449 2468 quem
462 2399 554 2451 locum
567 2408 665 2467 postea
680 2397 796 2453 Kritzius
814 2398 913 2466 attulit,
931 2399 1089 2468 Scipionem
1099 2398 1165 2453 dixit
1183 2409 1294 2454 senten-

296 2486 363 2540 tiam
371 2487 545 2556 dePoppaea
553 2496 680 2554 rogatum
689 2485 865 2554 respondisse
872 2487 1213 2557 elegantitemperameuto
1221 2488 1298 2538 inter

295 2573 468 2645 coniugalem
487 2591 608 2627 amorem
627 2580 654 2627 et
670 2577 841 2627 senatoriam
859 2576 1054 2628 necessitatem.
1091 2576 1182 2628 Erunt
1194 2571 1296 2643 quibus

296 2663 349 2715 hoc
371 2663 496 2731 placeat:
527 2678 579 2730 ego
597 2658 624 2713 in
645 2661 746 2730 scripto
770 2671 827 2715 tam
849 2671 977 2730 corrupte
998 2659 1109 2728 tradito,
1129 2659 1176 2714 ubi
1195 2658 1295 2714 totiens

294 2747 402 2802 litterae
415 2746 574 2814 exciderint,
586 2746 686 2802 totiens
699 2747 827 2816 perierint
840 2749 987 2813 clausulae,
997 2750 1086 2801 simul
1096 2747 1223 2818 reliquias
1234 2764 1296 2801 esse

296 2835 379 2890 credo
392 2832 522 2904 plenioris
535 2834 662 2888 uocabuli
673 2836 842 2889 simulatae:
857 2833 999 2889 Tiberium
1008 2833 1089 2902 enirn,
1100 2833 1295 2889 auctoritatem

296 2939 379 2991 quam
412 2920 560 2991 imperator
578 2922 693 2976 haberet
717 2920 866 2991 aliquando
886 2923 1065 2977 confirmasse
1084 2922 1295 2992 praetendendo

296 3007 451 3062 nociturum
463 3007 592 3062 exercitui
604 3007 656 3062 nisi
669 3008 743 3078 quod
756 3007 801 3077 agi
818 3010 977 3077 postularet,
995 3017 1182 3062 maturassent
1197 3008 1295 3063 lacere.

298 3096 331 3149 ld
351 3093 415 3164 quia
434 3112 644 3164 nonnumquam
663 3092 808 3148 instantius
827 3094 944 3149 iaciebat
969 3113 1054 3166 quam
1076 3114 1126 3166 pro
1148 3094 1295 3150 occasione

295 3183 431 3235 simulare
449 3183 600 3235 utilitatem
619 3180 716 3235 merito
736 3179 789 3235 dici
807 3181 904 3250 potuit.

333 3271 417 3335 Nam,
431 3270 506 3338 quod
523 3269 625 3322 Novak
640 3267 743 3338 optime
761 3267 901 3337 praecepit
917 3267 945 3323 in
962 3268 1054 3323 libello
1073 3286 1131 3336 suo,
1145 3287 1256 3339 semper
1269 3268 1296 3322 in

297 3356 442 3410 Paterculo
451 3356 581 3410 habenda
590 3365 630 3408 est
640 3353 710 3409 ratio
718 3371 790 3425 quae
800 3354 952 3410 locutiones
961 3354 1176 3410 huicindeliciis
1185 3355 1294 3420 fuerint,

296 3442 362 3512 quid
375 3441 419 3496 cui
432 3444 474 3497 uel
487 3460 537 3512 per
553 3440 703 3496 antithesin
723 3441 889 3510 opposuerit,
903 3443 946 3496 uel
959 3452 1073 3512 propter
1086 3443 1296 3497 similitudinem

297 3529 418 3583 sociarit:
432 3528 502 3583 inter
512 3546 583 3599 quae
594 3527 702 3583 uidetur
711 3545 773 3582 esse
782 3529 898 3582 uerbum
907 3531 960 3583 hoc
970 3530 1113 3595 utilitatis,
1124 3530 1200 3600 quod
1211 3531 1294 3584 modo

296 3615 459 3681 auctoritati,
478 3616 563 3669 modo
575 3614 615 3670 rei
632 3615 775 3685 speciosae
792 3615 950 3685 opponitur.
989 3631 1046 3670 112.
1060 3631 1076 3684 3
1090 3618 1131 3670 ad
1144 3619 1295 3672 arbitrium

296 3704 501 3772 utilitatemque
524 3709 649 3755 nostram
674 3709 831 3756 macerata:
871 3716 928 3770 127.
953 3717 969 3756 2
993 3705 1108 3757 interest
1128 3706 1196 3774 reip.
1220 3705 1298 3774 quod

296 3808 349 3844 usu
373 3792 558 3844 necessarium
582 3791 720 3859 dignitate
743 3791 869 3852 eminere,
900 3792 1105 3860 utilitatemque
1128 3794 1296 3845 auctoritate

772 3891 818 3954 ¹73
