3010 4520
635 481 764 542 LIBER
786 484 801 542 I

221 645 366 708 Corintho
385 645 572 724 Athenisque
593 647 706 720 urbem,
723 646 892 708 condidere.
936 667 972 708 ea
992 658 1168 726 tempestate
1189 659 1245 715 eta

220 744 308 822 Tyria
329 744 438 818 classis,
456 744 617 823 plurimum
638 747 755 823 pollens
776 745 858 819 mari,
874 745 905 805 in
926 746 1032 807 ultimo
1053 747 1218 824 Hispaniae

220 853 322 915 tractu,
346 840 402 924 [in]
425 854 556 904 extremo
577 843 669 904 nostri
682 843 770 903 orbis
794 842 929 918 termino,
948 843 1075 905 insulam
1097 844 1219 905 circum-

219 944 315 1002 fusam
331 943 462 1015 Oceano,
478 943 636 1020 perexiguo
655 963 674 1002 a
692 941 857 1003 continenti
878 942 1004 1003 diuisam
1026 945 1109 1017 freto,
1126 943 1218 1004 Gadis

193 1039 362 1112 5condidit.
406 1041 445 1100 ab
469 1040 575 1101 iisdem
603 1051 671 1118 post
695 1061 807 1118 paucos
831 1061 926 1100 annos
951 1041 981 1100 in
1007 1041 1108 1101 Africa
1131 1041 1219 1101 Vtica

220 1137 342 1197 condita
360 1149 412 1198 est.
456 1139 566 1198 exclusi
584 1139 623 1199 ab
639 1138 808 1199 Heraclidis
824 1139 1041 1200 Orestisliberi
1059 1139 1219 1216 iactatique

220 1257 289 1296 cum
303 1237 391 1298 uariis
409 1237 526 1298 casibus
543 1249 608 1298 tum
627 1229 750 1298 saeuitia
764 1237 852 1298 maris
872 1237 977 1314 quinto
999 1237 1117 1298 decimo
1138 1257 1218 1296 anno

220 1337 323 1394 sedern
337 1356 443 1413 cepere
457 1336 535 1396 circa
549 1337 681 1396 Lesbum
696 1335 832 1396 insulam.

260 1436 340 1494 Tum
355 1435 480 1496 Graecia
494 1435 629 1496 maximis
644 1455 790 1496 concussa
809 1444 853 1495 est
871 1435 1010 1495 motibus.
1054 1433 1168 1494 Achaei
1182 1453 1218 1494 ex
1231 1453 1250 1512 3

177 1551 207 1584 ιο
221 1531 371 1592 Laconica
391 1533 469 1609 pulsi
490 1553 539 1593 eas
561 1552 744 1610 occupavere
765 1531 852 1605 sediS,
868 1552 942 1609 quas
961 1551 1043 1591 nunc
1064 1531 1217 1591 obtinent:

221 1628 336 1705 Pelasgi
346 1631 481 1690 Athenas
493 1629 733 1706 commigrauere,
743 1650 870 1706 acerque
884 1629 955 1690 belli
969 1628 1085 1689 iuuenis
1097 1627 1218 1689 nomine

220 1725 390 1798 Thessalus,
410 1725 532 1786 natione
552 1726 756 1803 Thesprotius,
777 1746 846 1785 curn
867 1746 975 1802 magna
995 1724 1106 1784 ciuium
1127 1745 1218 1784 manu

221 1842 287 1881 eam
302 1822 452 1900 regionem
467 1823 556 1884 armis
576 1824 742 1901 occupauit,
759 1844 836 1901 quae
855 1845 936 1884 nunc
954 1825 993 1884 ab
1014 1821 1077 1885 eius
1097 1824 1219 1884 nomine

221 1920 375 1980 Thessalia
402 1924 574 1999 appellatur,
599 1932 669 1982 ante
698 1921 923 1999 Myrmidonum
948 1921 1078 1982 uocitata
1105 1921 1216 1981 ciuitas.

178 2039 206 2088 15
221 2035 282 2094 quo
303 2017 425 2078 nomine
446 2018 544 2080 mirari
568 2019 709 2080 conuenit
732 2039 792 2093 eos,
815 2019 866 2096 qui
888 2019 980 2079 Iliaca
1003 2030 1247 2096 componentesz

220 2125 355 2191 tempora
374 2118 413 2176 de
431 2136 467 2176 ea
486 2116 605 2194 regione
626 2128 659 2177 ut
673 2117 828 2178 Thessalia
848 2127 1092 2177 commemorant.
1136 2118 1219 2194 quod

220 2233 289 2272 cum
300 2214 349 2274 alii
358 2214 475 2288 faciant,
486 2215 588 2293 tragici
598 2215 835 2293 frequentissime
846 2215 966 2290 faciunt,
977 2215 1086 2293 quibus
1095 2215 1218 2276 minime

220 2309 251 2369 id
272 2314 501 2372 concedendum
523 2324 588 2387 est,
615 2312 689 2372 nihil
712 2312 792 2373 enim
817 2333 853 2373 ex
876 2332 1004 2389 persona
1025 2322 1141 2388 poetae,
1164 2314 1218 2372 sed

220 2407 321 2468 omnia
345 2410 401 2469 sub
429 2429 540 2490 eorum,
567 2409 618 2486 qui
642 2409 693 2470 illo
717 2421 851 2487 ternpore
876 2409 1019 2482 uixerunt,
1046 2409 1216 2470 ldixerunt.

176 2530 207 2563 20
220 2509 303 2582 quod
322 2507 346 2567 si
365 2507 431 2584 quis
445 2529 464 2568 a
477 2509 622 2568 Thessalo
638 2507 777 2568 Herculis
792 2507 854 2586 filio
873 2527 924 2567 eos
943 2509 1107 2584 appellatos
1127 2508 1219 2567 Thes-

221 2606 298 2664 salos
313 2603 400 2677 dicet,
417 2606 571 2665 reddenda
584 2604 638 2664 erit
653 2604 680 2664 ei
694 2604 776 2677 ratio,
793 2625 845 2665 cur
863 2623 1028 2682 numquam
1047 2615 1117 2664 ante
1137 2606 1218 2664 hunc

220 2700 427 2778 insequentem
451 2704 629 2762 Thessalum
658 2722 693 2762 ea
716 2721 789 2778 gens
813 2701 845 2761 id
869 2700 999 2762 nominis
1024 2701 1215 2778 usurpauerit.

220 2800 309 2874 paulo
323 2809 393 2858 ante
406 2800 517 2873 Aletes,
534 2809 632 2859 sextus
646 2798 685 2858 ab
701 2800 841 2872 Hercule,
859 2797 1002 2875 Hippotis
1017 2797 1102 2870 lilius,
1116 2797 1219 2858 Corin·
1233 2820 1246 2867 3

220 2894 313 2967 thum,
330 2914 407 2971 quae
428 2905 516 2954 antea
534 2896 628 2955 fuerat
644 2895 771 2971 Ephyre,
787 2896 913 2954 claustra
928 2893 1129 2971 Peloponnesi
1149 2914 1219 2954 con—

176 3012 205 3060 ²5
220 2990 373 3064 tinentem,
397 2991 428 3051 in
454 2994 571 3052 Isthmo
596 2991 739 3052 condidit.
783 3011 882 3068 neque
906 3001 951 3052 est
973 2993 1056 3068 quod
1078 2990 1218 3051 miremur

219 3089 258 3146 ab
280 3089 417 3148 Homero
438 3089 586 3149 nominari
600 3088 779 3150 Corinthum
789 3111 798 3163 ς
818 3109 889 3148 nam
910 3108 946 3149 ex
966 3108 1093 3166 persona
1111 3099 1218 3165 poetae

221 3195 250 3244 et
270 3186 348 3244 hanc
368 3186 521 3246 urbem‘et
542 3189 688 3264 quasdam
703 3189 813 3247 Ionum
835 3185 967 3246 colonias
989 3185 1024 3246 iis
1045 3185 1217 3246 nominibus

219 3284 356 3359 appellat,
377 3283 486 3360 quibus
507 3285 691 3345 uocabantur
711 3295 807 3344 aetate
828 3283 900 3357 eius,
923 3286 1017 3343 multo
1038 3293 1106 3359 post
1128 3283 1217 3343 Ilium

220 3391 340 3456 captum
362 3381 508 3442 conditae.

173 3499 206 3547 30
260 3477 459 3539 Athenienses
489 3479 519 3539 in
549 3481 674 3540 Euboea
701 3479 846 3541 Chalcida
872 3487 901 3539 et
927 3477 1071 3539 Eretriam
1102 3477 1246 3555 colonis4

250 3635 311 3696 3in
323 3633 504 3684 del.Ruhnken
580 3633 688 3682 insulam
701 3633 823 3680 Iuntina:
842 3631 961 3681 insulaP
1055 3632 1220 3693 4GadeisP

222 3715 252 3748 10
269 3701 346 3749 sedes
357 3699 383 3748 P
490 3701 520 3748 16
537 3699 672 3760 quodcum
685 3698 727 3745 alii
738 3698 836 3746 faciunt
847 3707 900 3746 tum
911 3699 1001 3760 tragici
1012 3699 1217 3760 frequentissime

219 3766 340 3828 Pluygers
418 3781 449 3828 19
466 3765 556 3813 uixere
572 3764 659 3813 Heins.
728 3765 860 3812 disserunt
873 3764 950 3813 Orelli
1030 3779 1062 3826 23
1079 3763 1216 3814 sextusP:

219 3831 324 3892 quintus
332 3832 433 3893 Lipsius
493 3846 526 3893 30
538 3829 659 3879 Chalcida
669 3829 804 3894 (Chalcide
813 3830 935 3878 nonnulla
942 3831 1062 3894 exempla)
1071 3829 1217 3878 Erethriam

219 3895 250 3958 P,
265 3904 290 3945 et
302 3897 360 3946 add.
376 3897 488 3946 Gelenius

715 4003 730 4050 a
1059 3977 1092 4037 1*
