3024 4568
606 458 735 520 LIBER
758 462 790 522 II

207 635 239 684 ut
253 635 372 686 senator
384 636 414 685 et
428 624 524 698 iudex,
536 635 597 686 n'on
612 638 644 687 ut
659 616 805 705 princeps,
821 647 836 682 r
853 645 868 680 r
885 645 899 679 a
915 637 945 687 et
959 646 1063 687 causas
1077 624 1206 704 pressius'

206 721 306 782 audit!
348 743 438 799 quam
466 723 598 784 celeriter
625 724 771 802 ingratum
799 736 829 786 et
856 745 937 784 noua
961 723 1134 784 molientem
1155 743 1205 800 op

206 819 328 896 pressit!
370 819 478 897 quibus
499 821 663 900 praeceptis
685 821 862 882 instructum
885 821 1096 883 Germanicum
1118 841 1206 880 suum

207 917 415 996 imbutumque
439 920 614 981 rudimentis
637 920 758 981 militiae
786 941 888 981 secum
915 933 1000 982 actae
1027 919 1206 981 domitorem

179 1017 317 1095 trecepit
352 1019 547 1080 Germaniae!
592 1019 700 1097 quibus
734 1020 888 1080 iuuentam
923 1019 987 1080 eius
1021 1017 1206 1095 exaggerauit

206 1116 378 1189 honoribus,
394 1119 593 1195 respondente
607 1121 688 1179 cultu
703 1118 844 1196 triumphi
858 1138 963 1191 rerum,
980 1137 1053 1194 quas
1067 1125 1204 1194 gesserat,

207 1213 421 1290 magnitudini!
452 1215 590 1291 quotiens
609 1217 754 1293 populum
773 1214 928 1293 congiariis
947 1213 1105 1275 honorauit
1124 1232 1233 1282 sena-3

206 1320 364 1386 torumque
392 1331 524 1385 censum,
553 1333 622 1372 cum
650 1311 681 1372 id
709 1324 813 1372 senatu
836 1324 956 1373 auctore
980 1313 1075 1371 facere
1100 1309 1205 1387 potuit,

207 1425 297 1483 quam
319 1407 445 1468 libenter
465 1409 601 1485 expleuit,
617 1420 650 1469 ut
671 1429 770 1486 neque
788 1409 932 1470 luxuriam
951 1408 1087 1469 inuitaret
1109 1426 1207 1484 neque

164 1523 195 1559 10
208 1507 364 1565 honestam
382 1518 584 1584 paupertatem
599 1519 748 1584 pateretur
765 1507 908 1585 dignitate
922 1506 1059 1568 destitui!
1094 1515 1207 1582 quanto

208 1621 278 1661 cum
298 1604 413 1663 honore
427 1603 638 1663 Germanicum
660 1603 796 1664 suumin
818 1604 1026 1664 transmarinas
1045 1603 1124 1662 misit
1143 1621 1208 1679 pro

209 1698 339 1760 uincias!
382 1721 442 1778 qua
462 1701 492 1760 ui
513 1701 704 1762 consiliorum
725 1722 847 1762 suorum
868 1701 1003 1761 ministro
1023 1712 1052 1761 et
1073 1699 1209 1761 adiutore

208 1818 279 1857 usus
305 1802 405 1859 Druso
426 1799 488 1859 filio
512 1820 575 1873 suo,
599 1800 822 1860 Maroboduum
846 1800 1050 1860 inhaerentem
1071 1797 1209 1875 occupati

209 1895 291 1972 regni
304 1895 422 1969 finibus,
438 1916 512 1973 pace
530 1895 691 1956 maiestatis
709 1897 773 1956 eius
792 1895 924 1970 dixerim,
939 1897 1022 1956 uelut
1041 1906 1209 1972 serpentem

167 2011 196 2062 15
209 1994 374 2053 abstrusam
395 2005 489 2054 terrae
512 1993 679 2055 salubribus
704 1991 907 2074 [consiliorum
930 1990 1064 2074 suorum]
1082 1992 1210 2053 medica·

210 2090 318 2150 mentis
340 2090 437 2168 coegit
465 2090 581 2168 egredi!
625 2109 715 2167 quarn
737 2090 821 2150 illum
849 2102 882 2150 ut
909 2093 1061 2164 honorate,
1087 2092 1128 2150 sic
1153 2111 1209 2150 nec

210 2209 312 2250 secure
326 2188 477 2249 continet!
518 2200 647 2266 quantae
664 2189 751 2249 molis
769 2190 880 2250 bellum
899 2189 1032 2267 principe
1047 2189 1209 2250 Galliarum

210 2286 306 2347 ciente
328 2286 483 2348 Sacrouiro
505 2289 653 2364 Floroque
675 2287 753 2348 Iulio
774 2287 848 2348 mira
870 2287 1018 2348 celeritate
1041 2308 1078 2348 ac
1102 2287 1210 2347 uirtute

210 2383 392 2461 compressit,
422 2395 455 2444 ut
481 2395 551 2444 ante
578 2387 707 2462 populus
736 2387 892 2445 Romanus
919 2384 1026 2445 uicisse
1057 2405 1089 2445 se
1119 2405 1210 2461 quam

167 2503 198 2538 ro
212 2481 320 2540 bellare
348 2493 540 2558 cognosceret
567 2480 749 2558 nuntiosque
775 2481 897 2559 periculi
925 2481 1066 2542 uictoriae
1094 2501 1210 2558 praece

211 2580 293 2638 deret
316 2579 455 2639 nuntius!
498 2578 597 2657 magni
622 2579 712 2639 etiam
739 2579 856 2639 terroris
884 2579 996 2638 bellum
1018 2577 1152 2638 Africum
1180 2588 1239 2644 et4

211 2676 362 2737 cotidiano
381 2674 436 2757 [in]
454 2688 543 2736 auctu
565 2675 659 2736 maius
677 2675 816 2753 auspiciis
835 2675 1025 2752 consiliisque
1044 2674 1108 2734 eius
1128 2673 1211 2734 breui

211 2776 360 2851 sepultum
381 2786 433 2834 est.

253 2874 375 2948 Quanta
389 2892 442 2932 sua
456 2891 638 2948 suorumque
652 2870 775 2933 nomine
791 2870 930 2931 exstruxit
941 2875 1044 2949 opera!
1063 2891 1153 2948 quam
1163 2871 1212 2949 pia
1224 2891 1280 2949 130

248 3041 259 3072 1
272 3027 306 3072 sr'c
315 3025 383 3073 AP:
401 3025 478 3074 Orelli
485 3027 611 3089 supplebat
621 3041 696 3087 quam
708 3026 786 3074 ceteri
798 3033 824 3073 et
833 3027 944 3074 sanctius
952 3025 1088 3074 diiudicat:
1105 3024 1215 3088 Maduig

213 3107 243 3138 ex
261 3091 378 3138 uocabulo
394 3091 461 3152 quod
471 3096 506 3139 est
527 3093 640 3153 pressius
663 3108 753 3139 nomen
776 3092 853 3139 Drusi
878 3091 982 3140 Libonis
1004 3091 1158 3152 exprimebat,
1179 3107 1213 3137 re-

206 3156 326 3218 fragante
346 3157 369 3203 T
366 3157 478 3204 homasio
486 3165 512 3219 p.
526 3169 572 3216 54:
597 3158 661 3204 mihi
675 3156 792 3205 uidentur
806 3157 929 3204 nonnulla
942 3162 1001 3218 post
1015 3156 1078 3203 illud
1093 3156 1213 3216 princeps

213 3221 425 3269 exailtsseuelutsi
434 3223 523 3270 scribas
534 3222 652 3287 [Libonis
665 3229 691 3270 et
703 3223 786 3270 scelus
796 3220 940 3283 inquisiuit]
951 3229 976 3270 et
986 3237 1091 3270 causam
1098 3221 1213 3282 pressius

214 3287 274 3347 (tue.
287 3288 403 3334 intentius
418 3293 441 3334 et
456 3289 573 3349 curatius)
590 3289 686 3336 audiuit
784 3288 879 3346 4actis
896 3288 940 3336 del.
955 3293 1011 3334 aute
1028 3286 1130 3335 actaeA
1196 3287 1214 3331 6
1257 3343 1259 3347 Ι

214 3353 412 3412 respondentem
425 3352 474 3399 BA
559 3355 636 3402 cultui
649 3390 654 3402 .
669 3353 881 3413 ..magnitudine
892 3352 975 3399 Burer
1086 3354 1102 3399 3
1115 3357 1174 3413 post
1189 3351 1214 3398 id

214 3416 316 3464 uterum
324 3419 413 3465 estar'u
421 3418 447 3464 Α
518 3433 547 3479 15
559 3426 627 3467 terra
638 3418 742 3466 Cludr'us
786 3417 866 3467 ¹cons.
875 3434 980 3466 suorum
988 3417 1113 3464 Ruhnken
1125 3416 1216 3464 delebat

215 3488 243 3529 ut
259 3499 288 3529 arc
303 3499 327 3529 u.
348 3498 378 3530 12
395 3484 512 3531 inculcata
619 3487 650 3531 16
666 3491 694 3532 ut
713 3485 772 3532 hon.
793 3499 842 3532 nec
859 3498 949 3532 secure
968 3482 1033 3532 AP:
1062 3483 1099 3529 sic
1122 3482 1212 3543 addr'dr',

215 3549 303 3594 utiam
314 3547 451 3596 Burmann
462 3550 506 3597 sed
512 3566 562 3598 om.
576 3565 640 3598 nec:
658 3556 684 3597 et
696 3549 756 3598 hon.
771 3564 818 3596 nec
830 3563 881 3596 sec.
898 3548 1008 3596 Gelem'us
1093 3549 1122 3594 18
1140 3563 1214 3595 sacro

215 3613 271 3660 uiro
291 3615 406 3674 floreque
423 3614 448 3660 A
517 3615 587 3662 luliis
596 3614 721 3662 Ruhnken
737 3630 768 3661 ex
781 3614 835 3663 Tac.
851 3614 923 3662 Anu.
937 3615 971 3661 iii.
987 3629 1019 3673 40
1036 3613 1213 3661 exstimulator

215 3679 354 3726 acerrimus
371 3679 438 3727 inter
454 3679 574 3727 Treuiros
592 3680 671 3728 lulius
689 3680 785 3739 Florus,
800 3681 869 3740 apud
880 3680 986 3727 Aeduos
999 3679 1079 3728 lulius
1092 3678 1213 3726 Sacrouir

217 3759 248 3805 19
265 3759 359 3805 compr.
373 3744 428 3791 ΑΡ
472 3759 501 3792 se
512 3745 600 3793 om.A
682 3760 714 3792 aa
732 3745 870 3793 cottidiano
881 3744 936 3791 ΑΡ
1031 3745 1057 3793 in
1069 3751 1126 3791 ante
1136 3752 1212 3792 auctu

215 3809 319 3857 deletum
329 3809 589 3870 estr'nA50mrlssum
602 3809 666 3858 inP
762 3827 794 3870 24
811 3810 999 3859 squcr'dalr'us
1064 3809 1168 3859 exstet

693 3967 736 4017 141
