<?xml version="1.0" encoding="UTF-8"?>
<!DOCTYPE html PUBLIC "-//W3C//DTD XHTML 1.0 Transitional//EN"
    "http://www.w3.org/TR/xhtml1/DTD/xhtml1-transitional.dtd">
<html xmlns="http://www.w3.org/1999/xhtml" xml:lang="en" lang="en">
 <head>
  <title>
</title>
<meta http-equiv="Content-Type" content="text/html;charset=utf-8" />
  <meta name='ocr-system' content='tesseract 3.04.00' />
  <meta name='ocr-capabilities' content='ocr_page ocr_carea ocr_par ocr_line ocrx_word'/>
</head>
<body>
  <div class='ocr_page' id='page_1' title='image "./velleipaterculi00elligoog_0076.png"; bbox 0 0 2996 4520; ppageno 0'>
   <div class='ocr_carea' id='block_1_1' title="bbox 608 456 792 514">
    <p class='ocr_par' dir='ltr' id='par_1_1' title="bbox 608 456 792 514">
     <span class='ocr_line' id='line_1_1' title="bbox 608 456 792 514; baseline 0 0"><span class='ocrx_word' id='word_1_1' title='bbox 608 456 738 514; x_wconf 92' lang='lat' dir='ltr'><strong>LIBER</strong></span> <span class='ocrx_word' id='word_1_2' title='bbox 760 456 792 514; x_wconf 92' lang='lat'>11</span> 
     </span>
    </p>
   </div>
   <div class='ocr_carea' id='block_1_2' title="bbox 156 611 1282 2946">
    <p class='ocr_par' dir='ltr' id='par_1_2' title="bbox 176 611 1282 993">
     <span class='ocr_line' id='line_1_2' title="bbox 176 611 1202 700; baseline -0.003 -16"><span class='ocrx_word' id='word_1_3' title='bbox 176 677 179 695; x_wconf 82' lang='lat'>‚</span> <span class='ocrx_word' id='word_1_4' title='bbox 201 621 414 684; x_wconf 76' lang='lat' dir='ltr'>&#39;rhistoriarum</span> <span class='ocrx_word' id='word_1_5' title='bbox 430 643 465 683; x_wconf 88' lang='lat' dir='ltr'>ex</span> <span class='ocrx_word' id='word_1_6' title='bbox 483 624 571 686; x_wconf 90' lang='lat' dir='ltr'>alto†</span> <span class='ocrx_word' id='word_1_7' title='bbox 585 621 726 697; x_wconf 86' lang='lat' dir='ltr'>redditur,</span> <span class='ocrx_word' id='word_1_8' title='bbox 741 621 772 683; x_wconf 91' lang='lat' dir='ltr'>in</span> <span class='ocrx_word' id='word_1_9' title='bbox 790 641 825 682; x_wconf 88' lang='lat' dir='ltr'>ea</span> <span class='ocrx_word' id='word_1_10' title='bbox 840 621 963 700; x_wconf 88' lang='lat' dir='ltr'>iugulati</span> <span class='ocrx_word' id='word_1_11' title='bbox 981 621 1055 683; x_wconf 90' lang='lat' dir='ltr'>ciuis</span> <span class='ocrx_word' id='word_1_12' title='bbox 1071 611 1202 683; x_wconf 85' lang='lat' dir='ltr'>Romani</span> 
     </span>
     <span class='ocr_line' id='line_1_3' title="bbox 200 719 1202 798; baseline 0 -18"><span class='ocrx_word' id='word_1_13' title='bbox 200 720 320 798; x_wconf 91' lang='lat' dir='ltr'>publice</span> <span class='ocrx_word' id='word_1_14' title='bbox 344 719 571 784; x_wconf 87' lang='lat' dir='ltr'>constitueretur</span> <span class='ocrx_word' id='word_1_15' title='bbox 590 730 855 793; x_wconf 81' lang='lat' dir='ltr'>auctoramentum,</span> <span class='ocrx_word' id='word_1_16' title='bbox 871 719 1092 797; x_wconf 89' lang='lat' dir='ltr'>plurimumque</span> <span class='ocrx_word' id='word_1_17' title='bbox 1113 720 1202 780; x_wconf 86' lang='lat' dir='ltr'>habe·</span> 
     </span>
     <span class='ocr_line' id='line_1_4' title="bbox 201 817 1202 896; baseline -0.001 -18"><span class='ocrx_word' id='word_1_18' title='bbox 201 830 252 892; x_wconf 90' lang='lat' dir='ltr'>ret,</span> <span class='ocrx_word' id='word_1_19' title='bbox 276 818 328 896; x_wconf 87' lang='lat' dir='ltr'>qui</span> <span class='ocrx_word' id='word_1_20' title='bbox 355 818 499 895; x_wconf 91' lang='lat' dir='ltr'>plurimos</span> <span class='ocrx_word' id='word_1_21' title='bbox 520 817 725 892; x_wconf 82' lang='lat' dir='ltr'>interemisset,</span> <span class='ocrx_word' id='word_1_22' title='bbox 750 837 849 896; x_wconf 90' lang='lat' dir='ltr'>neque</span> <span class='ocrx_word' id='word_1_23' title='bbox 874 817 965 877; x_wconf 89' lang='lat' dir='ltr'>occisi</span> <span class='ocrx_word' id='word_1_24' title='bbox 989 817 1083 878; x_wconf 92' lang='lat' dir='ltr'>hostis</span> <span class='ocrx_word' id='word_1_25' title='bbox 1111 837 1202 896; x_wconf 88' lang='lat' dir='ltr'>quam</span> 
     </span>
     <span class='ocr_line' id='line_1_5' title="bbox 201 914 1282 993; baseline -0.001 -17"><span class='ocrx_word' id='word_1_26' title='bbox 201 915 274 976; x_wconf 92' lang='lat' dir='ltr'>ciuis</span> <span class='ocrx_word' id='word_1_27' title='bbox 302 915 422 977; x_wconf 90' lang='lat' dir='ltr'>uberius</span> <span class='ocrx_word' id='word_1_28' title='bbox 450 918 525 976; x_wconf 86' lang='lat' dir='ltr'>foret</span> <span class='ocrx_word' id='word_1_29' title='bbox 557 915 731 992; x_wconf 90' lang='lat' dir='ltr'>praemium,</span> <span class='ocrx_word' id='word_1_30' title='bbox 760 917 902 993; x_wconf 85' lang='lat' dir='ltr'>fieretque</span> <span class='ocrx_word' id='word_1_31' title='bbox 932 914 1060 993; x_wconf 91' lang='lat' dir='ltr'>quisque</span> <span class='ocrx_word' id='word_1_32' title='bbox 1089 935 1202 976; x_wconf 87' lang='lat' dir='ltr'>merces</span> <span class='ocrx_word' id='word_1_33' title='bbox 1276 975 1282 990; x_wconf 83' lang='grc'><em>,</em></span> 
     </span>
    </p>

    <p class='ocr_par' dir='ltr' id='par_1_3' title="bbox 173 1012 1232 1483">
     <span class='ocr_line' id='line_1_6' title="bbox 173 1012 1232 1091; baseline -0.003 -16"><span class='ocrx_word' id='word_1_34' title='bbox 173 1039 184 1085; x_wconf 68' lang='grc' dir='ltr'>,ε</span> <span class='ocrx_word' id='word_1_35' title='bbox 201 1014 303 1075; x_wconf 92' lang='lat' dir='ltr'>mortis</span> <span class='ocrx_word' id='word_1_36' title='bbox 318 1034 396 1075; x_wconf 87' lang='lat' dir='ltr'>suae.</span> <span class='ocrx_word' id='word_1_37' title='bbox 440 1035 497 1075; x_wconf 91' lang='lat' dir='ltr'>nec</span> <span class='ocrx_word' id='word_1_38' title='bbox 510 1026 626 1074; x_wconf 86' lang='lat' dir='ltr'>tantum</span> <span class='ocrx_word' id='word_1_39' title='bbox 643 1013 673 1073; x_wconf 95' lang='lat' dir='ltr'>in</span> <span class='ocrx_word' id='word_1_40' title='bbox 693 1034 754 1087; x_wconf 92' lang='lat' dir='ltr'>eos,</span> <span class='ocrx_word' id='word_1_41' title='bbox 770 1012 822 1091; x_wconf 92' lang='lat' dir='ltr'>qui</span> <span class='ocrx_word' id='word_1_42' title='bbox 840 1024 944 1073; x_wconf 89' lang='lat' dir='ltr'>contra</span> <span class='ocrx_word' id='word_1_43' title='bbox 965 1033 1047 1073; x_wconf 85' lang='lat' dir='ltr'>arma</span> <span class='ocrx_word' id='word_1_44' title='bbox 1065 1015 1201 1086; x_wconf 92' lang='lat' dir='ltr'>tulerant,</span> <span class='ocrx_word' id='word_1_45' title='bbox 1216 1045 1232 1090; x_wconf 84' lang='lat'>4</span> 
     </span>
     <span class='ocr_line' id='line_1_7' title="bbox 201 1110 1203 1184; baseline -0.002 -12"><span class='ocrx_word' id='word_1_46' title='bbox 201 1112 299 1173; x_wconf 92' lang='lat' dir='ltr'>sedin</span> <span class='ocrx_word' id='word_1_47' title='bbox 318 1114 427 1174; x_wconf 91' lang='lat' dir='ltr'>multos</span> <span class='ocrx_word' id='word_1_48' title='bbox 446 1111 571 1173; x_wconf 90' lang='lat' dir='ltr'>insontis</span> <span class='ocrx_word' id='word_1_49' title='bbox 594 1111 748 1173; x_wconf 90' lang='lat' dir='ltr'>saeuitum.</span> <span class='ocrx_word' id='word_1_50' title='bbox 791 1110 942 1172; x_wconf 91' lang='lat' dir='ltr'>adiectum</span> <span class='ocrx_word' id='word_1_51' title='bbox 961 1110 1059 1184; x_wconf 89' lang='lat' dir='ltr'>etiam,</span> <span class='ocrx_word' id='word_1_52' title='bbox 1075 1121 1107 1170; x_wconf 92' lang='lat' dir='ltr'>ut</span> <span class='ocrx_word' id='word_1_53' title='bbox 1122 1111 1203 1171; x_wconf 88' lang='lat' dir='ltr'>bona</span> 
     </span>
     <span class='ocr_line' id='line_1_8' title="bbox 201 1208 1203 1287; baseline -0.002 -17"><span class='ocrx_word' id='word_1_54' title='bbox 201 1210 433 1287; x_wconf 89' lang='lat' dir='ltr'>proscriptorum</span> <span class='ocrx_word' id='word_1_55' title='bbox 461 1210 597 1271; x_wconf 91' lang='lat' dir='ltr'>uenirent</span> <span class='ocrx_word' id='word_1_56' title='bbox 626 1209 796 1287; x_wconf 85' lang='lat' dir='ltr'>exclusique</span> <span class='ocrx_word' id='word_1_57' title='bbox 824 1208 953 1286; x_wconf 90' lang='lat' dir='ltr'>paternis</span> <span class='ocrx_word' id='word_1_58' title='bbox 982 1208 1090 1286; x_wconf 93' lang='lat' dir='ltr'>opibus</span> <span class='ocrx_word' id='word_1_59' title='bbox 1119 1208 1203 1270; x_wconf 91' lang='lat' dir='ltr'>liberi</span> 
     </span>
     <span class='ocr_line' id='line_1_9' title="bbox 201 1305 1201 1385; baseline -0.001 -17"><span class='ocrx_word' id='word_1_60' title='bbox 201 1307 291 1368; x_wconf 86' lang='lat' dir='ltr'>etiam</span> <span class='ocrx_word' id='word_1_61' title='bbox 313 1309 511 1385; x_wconf 91' lang='lat' dir='ltr'>petendorum</span> <span class='ocrx_word' id='word_1_62' title='bbox 535 1309 684 1368; x_wconf 91' lang='lat' dir='ltr'>honorum</span> <span class='ocrx_word' id='word_1_63' title='bbox 709 1306 771 1367; x_wconf 92' lang='lat' dir='ltr'>iure</span> <span class='ocrx_word' id='word_1_64' title='bbox 793 1305 1020 1384; x_wconf 89' lang='lat' dir='ltr'>prohiberentur</span> <span class='ocrx_word' id='word_1_65' title='bbox 1044 1306 1201 1384; x_wconf 89' lang='lat' dir='ltr'>simulque,</span> 
     </span>
     <span class='ocr_line' id='line_1_10' title="bbox 202 1404 1203 1483; baseline -0.001 -17"><span class='ocrx_word' id='word_1_66' title='bbox 202 1407 286 1483; x_wconf 92' lang='lat' dir='ltr'>quod</span> <span class='ocrx_word' id='word_1_67' title='bbox 312 1405 552 1483; x_wconf 90' lang='lat' dir='ltr'>indignissimum</span> <span class='ocrx_word' id='word_1_68' title='bbox 576 1417 630 1480; x_wconf 90' lang='lat' dir='ltr'>est,</span> <span class='ocrx_word' id='word_1_69' title='bbox 653 1417 823 1466; x_wconf 85' lang='lat' dir='ltr'>senatorum</span> <span class='ocrx_word' id='word_1_70' title='bbox 847 1404 900 1465; x_wconf 89' lang='lat' dir='ltr'>filii</span> <span class='ocrx_word' id='word_1_71' title='bbox 924 1416 954 1464; x_wconf 93' lang='lat' dir='ltr'>et</span> <span class='ocrx_word' id='word_1_72' title='bbox 978 1424 1069 1465; x_wconf 89' lang='lat' dir='ltr'>onera</span> <span class='ocrx_word' id='word_1_73' title='bbox 1091 1404 1203 1465; x_wconf 89' lang='lat' dir='ltr'>ordinis</span> 
     </span>
    </p>

    <p class='ocr_par' dir='ltr' id='par_1_4' title="bbox 157 1502 678 1580">
     <span class='ocr_line' id='line_1_11' title="bbox 157 1502 678 1580; baseline 0.004 -20"><span class='ocrx_word' id='word_1_74' title='bbox 157 1525 188 1560; x_wconf 77' lang='grc' dir='ltr'>ιο</span> <span class='ocrx_word' id='word_1_75' title='bbox 202 1502 380 1563; x_wconf 89' lang='lat' dir='ltr'>sustinerent</span> <span class='ocrx_word' id='word_1_76' title='bbox 394 1513 424 1562; x_wconf 91' lang='lat' dir='ltr'>et</span> <span class='ocrx_word' id='word_1_77' title='bbox 437 1502 501 1562; x_wconf 87' lang='lat' dir='ltr'>iura</span> <span class='ocrx_word' id='word_1_78' title='bbox 514 1505 678 1580; x_wconf 84' lang='lat' dir='ltr'>perderent.</span> 
     </span>
    </p>

    <p class='ocr_par' dir='ltr' id='par_1_5' title="bbox 243 1598 1260 1683">
     <span class='ocr_line' id='line_1_12' title="bbox 243 1598 1260 1683; baseline 0 -23"><span class='ocrx_word' id='word_1_79' title='bbox 243 1601 306 1661; x_wconf 86' lang='lat' dir='ltr'>Sub</span> <span class='ocrx_word' id='word_1_80' title='bbox 327 1603 491 1661; x_wconf 84' lang='lat' dir='ltr'>aduentum</span> <span class='ocrx_word' id='word_1_81' title='bbox 511 1600 542 1660; x_wconf 94' lang='lat' dir='ltr'>in</span> <span class='ocrx_word' id='word_1_82' title='bbox 565 1601 682 1661; x_wconf 86' lang='lat' dir='ltr'>ltaliam</span> <span class='ocrx_word' id='word_1_83' title='bbox 704 1604 736 1661; x_wconf 95' lang='lat' dir='ltr'>L.</span> <span class='ocrx_word' id='word_1_84' title='bbox 754 1603 853 1661; x_wconf 84' lang='lat' dir='ltr'>Sullae</span> <span class='ocrx_word' id='word_1_85' title='bbox 873 1601 929 1662; x_wconf 89' lang='lat' dir='ltr'>Cn.</span> <span class='ocrx_word' id='word_1_86' title='bbox 947 1598 1116 1676; x_wconf 90' lang='lat' dir='ltr'>Pompeius,</span> <span class='ocrx_word' id='word_1_87' title='bbox 1139 1599 1202 1660; x_wconf 91' lang='lat' dir='ltr'>eius</span> <span class='ocrx_word' id='word_1_88' title='bbox 1217 1623 1260 1683; x_wconf 80' lang='lat'>29</span> 
     </span>
    </p>

    <p class='ocr_par' dir='ltr' id='par_1_6' title="bbox 202 1695 1205 1970">
     <span class='ocr_line' id='line_1_13' title="bbox 203 1695 1202 1775; baseline -0.004 -15"><span class='ocrx_word' id='word_1_89' title='bbox 203 1700 259 1761; x_wconf 90' lang='lat' dir='ltr'>Cn.</span> <span class='ocrx_word' id='word_1_90' title='bbox 276 1697 401 1774; x_wconf 92' lang='lat' dir='ltr'>Pompei</span> <span class='ocrx_word' id='word_1_91' title='bbox 415 1696 500 1770; x_wconf 86' lang='lat' dir='ltr'>filius,</span> <span class='ocrx_word' id='word_1_92' title='bbox 516 1717 606 1775; x_wconf 90' lang='lat' dir='ltr'>quern</span> <span class='ocrx_word' id='word_1_93' title='bbox 621 1696 927 1774; x_wconf 85' lang='lat' dir='ltr'>magnificentissimas</span> <span class='ocrx_word' id='word_1_94' title='bbox 941 1716 987 1756; x_wconf 90' lang='lat' dir='ltr'>res</span> <span class='ocrx_word' id='word_1_95' title='bbox 1001 1695 1032 1754; x_wconf 92' lang='lat' dir='ltr'>in</span> <span class='ocrx_word' id='word_1_96' title='bbox 1046 1698 1202 1756; x_wconf 88' lang='lat' dir='ltr'>consulatu</span> 
     </span>
     <span class='ocr_line' id='line_1_14' title="bbox 202 1791 1204 1873; baseline -0.002 -18"><span class='ocrx_word' id='word_1_97' title='bbox 202 1795 328 1873; x_wconf 85' lang='lat' dir='ltr'>gessisse</span> <span class='ocrx_word' id='word_1_98' title='bbox 337 1791 418 1855; x_wconf 90' lang='lat' dir='ltr'>bello</span> <span class='ocrx_word' id='word_1_99' title='bbox 430 1794 560 1856; x_wconf 83' lang='lat' dir='ltr'>Marsico</span> <span class='ocrx_word' id='word_1_100' title='bbox 570 1795 777 1872; x_wconf 83' lang='lat' dir='ltr'>praediximus,</span> <span class='ocrx_word' id='word_1_101' title='bbox 788 1812 870 1853; x_wconf 87' lang='lat' dir='ltr'>xxm</span> <span class='ocrx_word' id='word_1_102' title='bbox 882 1813 978 1853; x_wconf 86' lang='lat' dir='ltr'>annos</span> <span class='ocrx_word' id='word_1_103' title='bbox 989 1804 1083 1866; x_wconf 90' lang='lat' dir='ltr'>natus,</span> <span class='ocrx_word' id='word_1_104' title='bbox 1093 1793 1204 1854; x_wconf 90' lang='lat' dir='ltr'>abhinc</span> 
     </span>
     <span class='ocr_line' id='line_1_15' title="bbox 204 1890 1205 1970; baseline -0.003 -18"><span class='ocrx_word' id='word_1_105' title='bbox 204 1912 299 1952; x_wconf 86' lang='lat' dir='ltr'>annos</span> <span class='ocrx_word' id='word_1_106' title='bbox 313 1909 392 1952; x_wconf 86' lang='lat' dir='ltr'>cxrrr</span> <span class='ocrx_word' id='word_1_107' title='bbox 402 1891 523 1969; x_wconf 86' lang='lat' dir='ltr'>priuatis</span> <span class='ocrx_word' id='word_1_108' title='bbox 537 1903 571 1952; x_wconf 89' lang='lat' dir='ltr'>ut</span> <span class='ocrx_word' id='word_1_109' title='bbox 584 1891 700 1970; x_wconf 92' lang='lat' dir='ltr'>opibus,</span> <span class='ocrx_word' id='word_1_110' title='bbox 713 1892 754 1952; x_wconf 88' lang='lat' dir='ltr'>ita</span> <span class='ocrx_word' id='word_1_111' title='bbox 765 1890 895 1952; x_wconf 91' lang='lat' dir='ltr'>consiliis</span> <span class='ocrx_word' id='word_1_112' title='bbox 909 1910 1017 1968; x_wconf 84' lang='lat' dir='ltr'>magna</span> <span class='ocrx_word' id='word_1_113' title='bbox 1026 1910 1115 1950; x_wconf 89' lang='lat' dir='ltr'>ausus</span> <span class='ocrx_word' id='word_1_114' title='bbox 1126 1910 1205 1968; x_wconf 91' lang='lat' dir='ltr'>mag-</span> 
     </span>
    </p>

    <p class='ocr_par' dir='ltr' id='par_1_7' title="bbox 161 1987 1205 2164">
     <span class='ocr_line' id='line_1_16' title="bbox 161 1987 1205 2074; baseline 0 -26"><span class='ocrx_word' id='word_1_115' title='bbox 161 2013 190 2074; x_wconf 63' lang='lat'>³⁵</span> <span class='ocrx_word' id='word_1_116' title='bbox 205 1989 353 2066; x_wconf 88' lang='lat' dir='ltr'>nificeque</span> <span class='ocrx_word' id='word_1_117' title='bbox 363 2001 471 2050; x_wconf 87' lang='lat' dir='ltr'>conata</span> <span class='ocrx_word' id='word_1_118' title='bbox 481 2000 645 2063; x_wconf 87' lang='lat' dir='ltr'>exsecutus,</span> <span class='ocrx_word' id='word_1_119' title='bbox 657 1991 697 2050; x_wconf 89' lang='lat' dir='ltr'>ad</span> <span class='ocrx_word' id='word_1_120' title='bbox 708 1988 921 2050; x_wconf 87' lang='lat' dir='ltr'>uindicandam</span> <span class='ocrx_word' id='word_1_121' title='bbox 932 1987 1205 2065; x_wconf 84' lang='lat' dir='ltr'>restituendamque</span> 
     </span>
     <span class='ocr_line' id='line_1_17' title="bbox 204 2084 1204 2164; baseline -0.004 -17"><span class='ocrx_word' id='word_1_122' title='bbox 204 2087 378 2164; x_wconf 90' lang='lat' dir='ltr'>dignitatem</span> <span class='ocrx_word' id='word_1_123' title='bbox 393 2086 504 2164; x_wconf 87' lang='lat' dir='ltr'>patriae</span> <span class='ocrx_word' id='word_1_124' title='bbox 518 2089 636 2147; x_wconf 90' lang='lat' dir='ltr'>firmum</span> <span class='ocrx_word' id='word_1_125' title='bbox 651 2108 687 2147; x_wconf 85' lang='lat' dir='ltr'>ex</span> <span class='ocrx_word' id='word_1_126' title='bbox 700 2106 771 2164; x_wconf 91' lang='lat' dir='ltr'>agro</span> <span class='ocrx_word' id='word_1_127' title='bbox 782 2085 902 2158; x_wconf 90' lang='lat' dir='ltr'>Piceno,</span> <span class='ocrx_word' id='word_1_128' title='bbox 915 2084 967 2162; x_wconf 93' lang='lat' dir='ltr'>qui</span> <span class='ocrx_word' id='word_1_129' title='bbox 981 2095 1061 2145; x_wconf 93' lang='lat' dir='ltr'>totus</span> <span class='ocrx_word' id='word_1_130' title='bbox 1075 2084 1204 2162; x_wconf 89' lang='lat' dir='ltr'>paternis</span> 
     </span>
    </p>

    <p class='ocr_par' dir='ltr' id='par_1_8' title="bbox 156 2181 1231 2458">
     <span class='ocr_line' id='line_1_18' title="bbox 156 2181 1231 2274; baseline -0.008 -26"><span class='ocrx_word' id='word_1_131' title='bbox 156 2199 158 2208; x_wconf 90' lang='lat'>&#39;</span> <span class='ocrx_word' id='word_1_132' title='bbox 200 2185 267 2274; x_wconf 36' lang='lat' dir='ltr'>(cius</span> <span class='ocrx_word' id='word_1_133' title='bbox 286 2184 429 2246; x_wconf 90' lang='lat' dir='ltr'>clientelis</span> <span class='ocrx_word' id='word_1_134' title='bbox 448 2187 571 2245; x_wconf 87' lang='lat' dir='ltr'>refertus</span> <span class='ocrx_word' id='word_1_135' title='bbox 590 2196 659 2257; x_wconf 86' lang='lat' dir='ltr'>erat,</span> <span class='ocrx_word' id='word_1_136' title='bbox 676 2183 820 2244; x_wconf 89' lang='lat' dir='ltr'>contraxit</span> <span class='ocrx_word' id='word_1_137' title='bbox 839 2182 1017 2244; x_wconf 86' lang='lat' dir='ltr'>exercitum:</span> <span class='ocrx_word' id='word_1_138' title='bbox 1047 2181 1131 2242; x_wconf 91' lang='lat' dir='ltr'>cuius</span> <span class='ocrx_word' id='word_1_139' title='bbox 1150 2181 1205 2241; x_wconf 89' lang='lat' dir='ltr'>uiri</span> <span class='ocrx_word' id='word_1_140' title='bbox 1220 2203 1231 2236; x_wconf 81' lang='lat'><em>2</em></span> 
     </span>
     <span class='ocr_line' id='line_1_19' title="bbox 204 2279 1204 2360; baseline -0.003 -17"><span class='ocrx_word' id='word_1_141' title='bbox 204 2282 378 2360; x_wconf 85' lang='lat' dir='ltr'>magnitudo</span> <span class='ocrx_word' id='word_1_142' title='bbox 400 2285 561 2343; x_wconf 90' lang='lat' dir='ltr'>multorum</span> <span class='ocrx_word' id='word_1_143' title='bbox 584 2282 772 2343; x_wconf 91' lang='lat' dir='ltr'>uoluminum</span> <span class='ocrx_word' id='word_1_144' title='bbox 794 2281 893 2342; x_wconf 90' lang='lat' dir='ltr'>instar</span> <span class='ocrx_word' id='word_1_145' title='bbox 909 2280 1005 2358; x_wconf 86' lang='lat' dir='ltr'>exigit,</span> <span class='ocrx_word' id='word_1_146' title='bbox 1028 2282 1082 2341; x_wconf 95' lang='lat' dir='ltr'>sed</span> <span class='ocrx_word' id='word_1_147' title='bbox 1106 2279 1204 2356; x_wconf 92' lang='lat' dir='ltr'>operis</span> 
     </span>
     <span class='ocr_line' id='line_1_20' title="bbox 204 2377 1205 2458; baseline -0.004 -18"><span class='ocrx_word' id='word_1_148' title='bbox 204 2383 313 2441; x_wconf 89' lang='lat' dir='ltr'>modus</span> <span class='ocrx_word' id='word_1_149' title='bbox 335 2379 437 2458; x_wconf 92' lang='lat' dir='ltr'>paucis</span> <span class='ocrx_word' id='word_1_150' title='bbox 460 2400 526 2440; x_wconf 85' lang='lat' dir='ltr'>eam</span> <span class='ocrx_word' id='word_1_151' title='bbox 549 2379 659 2440; x_wconf 85' lang='lat' dir='ltr'>narrari</span> <span class='ocrx_word' id='word_1_152' title='bbox 681 2379 771 2440; x_wconf 91' lang='lat' dir='ltr'>iubet.</span> <span class='ocrx_word' id='word_1_153' title='bbox 814 2379 869 2439; x_wconf 88' lang='lat' dir='ltr'>fuit</span> <span class='ocrx_word' id='word_1_154' title='bbox 894 2378 943 2438; x_wconf 93' lang='lat' dir='ltr'>hic</span> <span class='ocrx_word' id='word_1_155' title='bbox 966 2377 1083 2455; x_wconf 91' lang='lat' dir='ltr'>genitus</span> <span class='ocrx_word' id='word_1_156' title='bbox 1111 2388 1205 2437; x_wconf 88' lang='lat' dir='ltr'>matre</span> 
     </span>
    </p>

    <p class='ocr_par' dir='ltr' id='par_1_9' title="bbox 160 2476 1233 2946">
     <span class='ocr_line' id='line_1_21' title="bbox 160 2476 1204 2556; baseline -0.005 -17"><span class='ocrx_word' id='word_1_157' title='bbox 160 2504 191 2539; x_wconf 64' lang='grc' dir='ltr'>πο</span> <span class='ocrx_word' id='word_1_158' title='bbox 206 2478 320 2539; x_wconf 91' lang='lat' dir='ltr'>Lucilia</span> <span class='ocrx_word' id='word_1_159' title='bbox 339 2477 435 2556; x_wconf 89' lang='lat' dir='ltr'>stirpis</span> <span class='ocrx_word' id='word_1_160' title='bbox 456 2477 629 2552; x_wconf 90' lang='lat' dir='ltr'>senatoriae,</span> <span class='ocrx_word' id='word_1_161' title='bbox 645 2481 740 2539; x_wconf 86' lang='lat' dir='ltr'>forma</span> <span class='ocrx_word' id='word_1_162' title='bbox 759 2479 914 2549; x_wconf 86' lang='lat' dir='ltr'>excellens,</span> <span class='ocrx_word' id='word_1_163' title='bbox 930 2496 991 2536; x_wconf 91' lang='lat' dir='ltr'>non</span> <span class='ocrx_word' id='word_1_164' title='bbox 1011 2495 1054 2548; x_wconf 83' lang='lat' dir='ltr'>ea,</span> <span class='ocrx_word' id='word_1_165' title='bbox 1071 2494 1130 2552; x_wconf 85' lang='lat' dir='ltr'>qua</span> <span class='ocrx_word' id='word_1_166' title='bbox 1148 2476 1204 2535; x_wconf 91' lang='lat' dir='ltr'>flos</span> 
     </span>
     <span class='ocr_line' id='line_1_22' title="bbox 204 2571 1204 2651; baseline -0.006 -15"><span class='ocrx_word' id='word_1_167' title='bbox 204 2578 431 2637; x_wconf 86' lang='lat' dir='ltr'>commendatur</span> <span class='ocrx_word' id='word_1_168' title='bbox 460 2575 572 2649; x_wconf 89' lang='lat' dir='ltr'>aetatis,</span> <span class='ocrx_word' id='word_1_169' title='bbox 603 2577 656 2636; x_wconf 93' lang='lat' dir='ltr'>sed</span> <span class='ocrx_word' id='word_1_170' title='bbox 686 2597 722 2636; x_wconf 92' lang='lat' dir='ltr'>ex</span> <span class='ocrx_word' id='word_1_171' title='bbox 749 2574 892 2651; x_wconf 87' lang='lat' dir='ltr'>dignitate</span> <span class='ocrx_word' id='word_1_172' title='bbox 919 2571 1146 2649; x_wconf 89' lang='lat' dir='ltr'>constantiaque</span> <span class='ocrx_word' id='word_1_173' title='bbox 1173 2571 1204 2631; x_wconf 92' lang='lat' dir='ltr'>in</span> 
     </span>
     <span class='ocr_line' id='line_1_23' title="bbox 204 2669 1205 2749; baseline -0.002 -17"><span class='ocrx_word' id='word_1_174' title='bbox 204 2673 284 2734; x_wconf 88' lang='lat' dir='ltr'>illam</span> <span class='ocrx_word' id='word_1_175' title='bbox 313 2672 512 2734; x_wconf 91' lang='lat' dir='ltr'>conueniente</span> <span class='ocrx_word' id='word_1_176' title='bbox 540 2672 768 2749; x_wconf 84' lang='lat' dir='ltr'>amplitudinem</span> <span class='ocrx_word' id='word_1_177' title='bbox 796 2691 873 2749; x_wconf 87' lang='lat' dir='ltr'>quae</span> <span class='ocrx_word' id='word_1_178' title='bbox 900 2673 1050 2730; x_wconf 84' lang='lat' dir='ltr'>fortunam</span> <span class='ocrx_word' id='word_1_179' title='bbox 1074 2669 1137 2730; x_wconf 92' lang='lat' dir='ltr'>eius</span> <span class='ocrx_word' id='word_1_180' title='bbox 1165 2671 1205 2730; x_wconf 88' lang='lat' dir='ltr'>ad</span> 
     </span>
     <span class='ocr_line' id='line_1_24' title="bbox 203 2766 1233 2842; baseline -0.006 -11"><span class='ocrx_word' id='word_1_181' title='bbox 203 2771 342 2831; x_wconf 92' lang='lat' dir='ltr'>ultimum</span> <span class='ocrx_word' id='word_1_182' title='bbox 360 2770 440 2831; x_wconf 89' lang='lat' dir='ltr'>uitae</span> <span class='ocrx_word' id='word_1_183' title='bbox 458 2769 604 2829; x_wconf 86' lang='lat' dir='ltr'>comitata</span> <span class='ocrx_word' id='word_1_184' title='bbox 621 2780 666 2829; x_wconf 91' lang='lat' dir='ltr'>est</span> <span class='ocrx_word' id='word_1_185' title='bbox 684 2768 774 2842; x_wconf 91' lang='lat' dir='ltr'>diem,</span> <span class='ocrx_word' id='word_1_186' title='bbox 790 2767 961 2828; x_wconf 88' lang='lat' dir='ltr'>innocentia</span> <span class='ocrx_word' id='word_1_187' title='bbox 974 2766 1107 2840; x_wconf 91' lang='lat' dir='ltr'>eximius,</span> <span class='ocrx_word' id='word_1_188' title='bbox 1123 2786 1233 2837; x_wconf 76' lang='lat' dir='ltr'>sanc-3</span> 
     </span>
     <span class='ocr_line' id='line_1_25' title="bbox 204 2863 1205 2946; baseline -0.005 -17"><span class='ocrx_word' id='word_1_189' title='bbox 204 2863 287 2929; x_wconf 79' lang='lat' dir='ltr'>ti&#39;tate</span> <span class='ocrx_word' id='word_1_190' title='bbox 301 2867 486 2946; x_wconf 89' lang='lat' dir='ltr'>praecipuus,</span> <span class='ocrx_word' id='word_1_191' title='bbox 501 2866 673 2944; x_wconf 89' lang='lat' dir='ltr'>eloquentia</span> <span class='ocrx_word' id='word_1_192' title='bbox 686 2865 811 2938; x_wconf 89' lang='lat' dir='ltr'>medius,</span> <span class='ocrx_word' id='word_1_193' title='bbox 822 2864 981 2943; x_wconf 91' lang='lat' dir='ltr'>potentiae,</span> <span class='ocrx_word' id='word_1_194' title='bbox 994 2884 1071 2941; x_wconf 87' lang='lat' dir='ltr'>quae</span> <span class='ocrx_word' id='word_1_195' title='bbox 1082 2863 1205 2924; x_wconf 90' lang='lat' dir='ltr'>honoris</span> 
     </span>
    </p>
   </div>
   <div class='ocr_carea' id='block_1_3' title="bbox 205 3019 1205 3411">
    <p class='ocr_par' dir='ltr' id='par_1_10' title="bbox 205 3019 1205 3411">
     <span class='ocr_line' id='line_1_26' title="bbox 239 3019 1205 3072; baseline -0.002 -2"><span class='ocrx_word' id='word_1_196' title='bbox 239 3038 250 3070; x_wconf 94' lang='lat'>1</span> <span class='ocrx_word' id='word_1_197' title='bbox 269 3023 440 3072; x_wconf 89' lang='lat' dir='ltr'>historiarium</span> <span class='ocrx_word' id='word_1_198' title='bbox 458 3019 497 3072; x_wconf 88' lang='lat' dir='ltr'>P:</span> <span class='ocrx_word' id='word_1_199' title='bbox 518 3022 680 3071; x_wconf 89' lang='lat' dir='ltr'>historiarum</span> <span class='ocrx_word' id='word_1_200' title='bbox 698 3019 767 3069; x_wconf 87' lang='lat' dir='ltr'>AB:</span> <span class='ocrx_word' id='word_1_201' title='bbox 790 3019 908 3068; x_wconf 86' lang='lat' dir='ltr'>histrioni</span> <span class='ocrx_word' id='word_1_202' title='bbox 926 3019 1051 3070; x_wconf 82' lang='lat' dir='ltr'>Gelenius:</span> <span class='ocrx_word' id='word_1_203' title='bbox 1075 3020 1205 3068; x_wconf 88' lang='lat' dir='ltr'>histrioni·</span> 
     </span>
     <span class='ocr_line' id='line_1_27' title="bbox 205 3083 1203 3151; baseline -0.006 -14"><span class='ocrx_word' id='word_1_204' title='bbox 205 3105 289 3138; x_wconf 88' lang='lat' dir='ltr'>carum</span> <span class='ocrx_word' id='word_1_205' title='bbox 306 3088 422 3151; x_wconf 89' lang='lat' dir='ltr'>Popma:</span> <span class='ocrx_word' id='word_1_206' title='bbox 437 3088 498 3150; x_wconf 82' lang='lat' dir='ltr'>sort.</span> <span class='ocrx_word' id='word_1_207' title='bbox 517 3087 635 3136; x_wconf 90' lang='lat' dir='ltr'>histrioni</span> <span class='ocrx_word' id='word_1_208' title='bbox 650 3084 801 3135; x_wconf 58' lang='lat' dir='ltr'>‘iniuriarum</span> <span class='ocrx_word' id='word_1_209' title='bbox 821 3086 981 3145; x_wconf 86' lang='lat' dir='ltr'>(iniuriarum</span> <span class='ocrx_word' id='word_1_210' title='bbox 998 3085 1051 3132; x_wconf 87' lang='lat' dir='ltr'>iam</span> <span class='ocrx_word' id='word_1_211' title='bbox 1067 3083 1203 3148; x_wconf 76' lang='lat' dir='ltr'>Pithoeus),</span> 
     </span>
     <span class='ocr_line' id='line_1_28' title="bbox 205 3150 1204 3203; baseline -0.004 -1"><span class='ocrx_word' id='word_1_212' title='bbox 205 3155 244 3202; x_wconf 84' lang='lat' dir='ltr'>uel</span> <span class='ocrx_word' id='word_1_213' title='bbox 254 3154 370 3203; x_wconf 89' lang='lat' dir='ltr'>histrioni</span> <span class='ocrx_word' id='word_1_214' title='bbox 388 3153 617 3202; x_wconf 85' lang='lat' dir='ltr'>extraordinarium</span> <span class='ocrx_word' id='word_1_215' title='bbox 710 3168 744 3199; x_wconf 90' lang='lat' dir='ltr'>ex</span> <span class='ocrx_word' id='word_1_216' title='bbox 755 3153 809 3201; x_wconf 82' lang='lat' dir='ltr'>alto&#39;</span> <span class='ocrx_word' id='word_1_217' title='bbox 817 3151 873 3200; x_wconf 86' lang='grc' dir='ltr'>ΑΡ</span> <span class='ocrx_word' id='word_1_218' title='bbox 879 3169 886 3201; x_wconf 78' lang='lat' dir='ltr'>t</span> <span class='ocrx_word' id='word_1_219' title='bbox 910 3151 1012 3199; x_wconf 89' lang='lat' dir='ltr'>exoleto</span> <span class='ocrx_word' id='word_1_220' title='bbox 1028 3150 1154 3200; x_wconf 79' lang='lat' dir='ltr'>Gelenius:</span> <span class='ocrx_word' id='word_1_221' title='bbox 1171 3167 1204 3198; x_wconf 89' lang='lat' dir='ltr'>ex</span> 
     </span>
     <span class='ocr_line' id='line_1_29' title="bbox 205 3215 1204 3282; baseline -0.004 -14"><span class='ocrx_word' id='word_1_222' title='bbox 205 3220 263 3268; x_wconf 86' lang='lat' dir='ltr'>albo</span> <span class='ocrx_word' id='word_1_223' title='bbox 283 3219 406 3282; x_wconf 82' lang='lat' dir='ltr'>Pithoeus,</span> <span class='ocrx_word' id='word_1_224' title='bbox 428 3218 537 3281; x_wconf 79' lang='lat' dir='ltr'>Lipsius,</span> <span class='ocrx_word' id='word_1_225' title='bbox 557 3217 714 3268; x_wconf 88' lang='lat' dir='ltr'>Mommsen:</span> <span class='ocrx_word' id='word_1_226' title='bbox 741 3225 833 3266; x_wconf 90' lang='lat' dir='ltr'>exacto</span> <span class='ocrx_word' id='word_1_227' title='bbox 852 3217 977 3265; x_wconf 75' lang='lat' dir='ltr'>Ruhnken</span> <span class='ocrx_word' id='word_1_228' title='bbox 1093 3215 1204 3266; x_wconf 86' lang='lat' dir='ltr'>Romani</span> 
     </span>
     <span class='ocr_line' id='line_1_30' title="bbox 205 3281 1204 3347; baseline -0.003 -13"><span class='ocrx_word' id='word_1_229' title='bbox 205 3286 304 3347; x_wconf 89' lang='lat' dir='ltr'>publice</span> <span class='ocrx_word' id='word_1_230' title='bbox 321 3285 465 3333; x_wconf 83' lang='lat' dir='ltr'>Puteanus:</span> <span class='ocrx_word' id='word_1_231' title='bbox 484 3284 516 3333; x_wconf 90' lang='lat' dir='ltr'>R.</span> <span class='ocrx_word' id='word_1_232' title='bbox 534 3283 643 3345; x_wconf 87' lang='lat' dir='ltr'>publicae</span> <span class='ocrx_word' id='word_1_233' title='bbox 654 3283 697 3334; x_wconf 90' lang='lat' dir='ltr'>A:</span> <span class='ocrx_word' id='word_1_234' title='bbox 723 3284 797 3344; x_wconf 90' lang='lat' dir='ltr'>Reip.</span> <span class='ocrx_word' id='word_1_235' title='bbox 815 3282 842 3330; x_wconf 89' lang='lat' dir='ltr'><em>P</em></span> <span class='ocrx_word' id='word_1_236' title='bbox 937 3296 952 3344; x_wconf 84' lang='lat'>5</span> <span class='ocrx_word' id='word_1_237' title='bbox 969 3288 1067 3330; x_wconf 85' lang='lat' dir='ltr'>tanturn</span> <span class='ocrx_word' id='word_1_238' title='bbox 1083 3281 1204 3331; x_wconf 84' lang='lat' dir='ltr'>Vrsinus:</span> 
     </span>
     <span class='ocr_line' id='line_1_31' title="bbox 205 3347 1204 3411; baseline -0.005 -10"><span class='ocrx_word' id='word_1_239' title='bbox 205 3359 292 3401; x_wconf 87' lang='lat' dir='ltr'>tamen</span> <span class='ocrx_word' id='word_1_240' title='bbox 312 3349 366 3398; x_wconf 88' lang='grc' dir='ltr'>ΑΡ</span> <span class='ocrx_word' id='word_1_241' title='bbox 473 3365 490 3411; x_wconf 92' lang='lat'><strong>9</strong></span> <span class='ocrx_word' id='word_1_242' title='bbox 508 3349 542 3396; x_wconf 88' lang='lat' dir='ltr'>fili</span> <span class='ocrx_word' id='word_1_243' title='bbox 554 3348 580 3397; x_wconf 83' lang='lat' dir='ltr'><em>A</em></span> <span class='ocrx_word' id='word_1_244' title='bbox 700 3364 730 3398; x_wconf 82' lang='lat' dir='ltr'>ra</span> <span class='ocrx_word' id='word_1_245' title='bbox 748 3349 863 3411; x_wconf 90' lang='lat' dir='ltr'>Pompeii</span> <span class='ocrx_word' id='word_1_246' title='bbox 874 3347 901 3394; x_wconf 92' lang='lat' dir='ltr'><em>P</em></span> <span class='ocrx_word' id='word_1_247' title='bbox 990 3347 1123 3395; x_wconf 88' lang='lat' dir='ltr'>consulatu</span> <span class='ocrx_word' id='word_1_248' title='bbox 1136 3347 1204 3396; x_wconf 87' lang='lat' dir='ltr'>BA:</span> 
     </span>
    </p>
   </div>
   <div class='ocr_carea' id='block_1_4' title="bbox 157 3421 1206 3940">
    <p class='ocr_par' dir='ltr' id='par_1_11' title="bbox 157 3421 1206 3940">
     <span class='ocr_line' id='line_1_32' title="bbox 205 3421 1205 3493; baseline -0.006 -11"><span class='ocrx_word' id='word_1_249' title='bbox 205 3432 339 3482; x_wconf 83' lang='lat' dir='ltr'>senatuP</span> <span class='ocrx_word' id='word_1_250' title='bbox 446 3422 560 3493; x_wconf 63' lang='lat' dir='ltr'>13ffi</span> <span class='ocrx_word' id='word_1_251' title='bbox 577 3431 621 3480; x_wconf 82' lang='lat' dir='ltr'>A:</span> <span class='ocrx_word' id='word_1_252' title='bbox 641 3423 758 3480; x_wconf 63' lang='grc' dir='ltr'>ῐῑιιῖιῖΡ</span> <span class='ocrx_word' id='word_1_253' title='bbox 838 3421 1205 3491; x_wconf 60' lang='lat' dir='ltr'>14cx111ArffiOE2cx</span> 
     </span>
     <span class='ocr_line' id='line_1_33' title="bbox 204 3494 1203 3560; baseline -0.006 -13"><span class='ocrx_word' id='word_1_254' title='bbox 204 3499 278 3548; x_wconf 80' lang='lat' dir='ltr'>Krits</span> <span class='ocrx_word' id='word_1_255' title='bbox 368 3510 397 3557; x_wconf 83' lang='lat'>15</span> <span class='ocrx_word' id='word_1_256' title='bbox 415 3513 487 3546; x_wconf 88' lang='lat' dir='ltr'>exec.</span> <span class='ocrx_word' id='word_1_257' title='bbox 499 3496 554 3544; x_wconf 88' lang='grc' dir='ltr'>ΑΡ</span> <span class='ocrx_word' id='word_1_258' title='bbox 643 3499 674 3544; x_wconf 89' lang='lat'>16</span> <span class='ocrx_word' id='word_1_259' title='bbox 690 3498 791 3560; x_wconf 86' lang='lat' dir='ltr'>picaeno</span> <span class='ocrx_word' id='word_1_260' title='bbox 803 3497 857 3545; x_wconf 85' lang='lat' dir='ltr'>del..</span> <span class='ocrx_word' id='word_1_261' title='bbox 869 3495 924 3544; x_wconf 86' lang='lat' dir='ltr'>dein</span> <span class='ocrx_word' id='word_1_262' title='bbox 937 3503 1058 3557; x_wconf 88' lang='lat' dir='ltr'>suprascr.</span> <span class='ocrx_word' id='word_1_263' title='bbox 1073 3494 1203 3556; x_wconf 89' lang='lat' dir='ltr'>picenoA</span> 
     </span>
     <span class='ocr_line' id='line_1_34' title="bbox 206 3559 1205 3626; baseline -0.004 -14"><span class='ocrx_word' id='word_1_264' title='bbox 206 3580 237 3626; x_wconf 90' lang='lat'>19</span> <span class='ocrx_word' id='word_1_265' title='bbox 254 3579 310 3611; x_wconf 88' lang='lat' dir='ltr'>eam</span> <span class='ocrx_word' id='word_1_266' title='bbox 330 3562 431 3610; x_wconf 86' lang='lat' dir='ltr'>Halm:</span> <span class='ocrx_word' id='word_1_267' title='bbox 457 3578 516 3610; x_wconf 91' lang='lat' dir='ltr'>eum</span> <span class='ocrx_word' id='word_1_268' title='bbox 535 3559 590 3608; x_wconf 87' lang='grc' dir='ltr'>ΑΡ</span> <span class='ocrx_word' id='word_1_269' title='bbox 710 3578 740 3610; x_wconf 80' lang='lat'>21</span> <span class='ocrx_word' id='word_1_270' title='bbox 762 3579 795 3611; x_wconf 92' lang='lat' dir='ltr'>ex</span> <span class='ocrx_word' id='word_1_271' title='bbox 812 3560 867 3608; x_wconf 88' lang='grc' dir='ltr'>ΑΡ</span> <span class='ocrx_word' id='word_1_272' title='bbox 948 3561 1143 3622; x_wconf 86' lang='lat' dir='ltr'>constantiaque</span> <span class='ocrx_word' id='word_1_273' title='bbox 1165 3559 1205 3608; x_wconf 89' lang='lat' dir='ltr'>P:</span> 
     </span>
     <span class='ocr_line' id='line_1_35' title="bbox 205 3625 1204 3690; baseline -0.004 -12"><span class='ocrx_word' id='word_1_274' title='bbox 205 3630 364 3689; x_wconf 84' lang='lat' dir='ltr'>costientiaq.</span> <span class='ocrx_word' id='word_1_275' title='bbox 387 3636 506 3690; x_wconf 81' lang='lat' dir='ltr'>suprascr,</span> <span class='ocrx_word' id='word_1_276' title='bbox 533 3627 683 3689; x_wconf 84' lang='lat' dir='ltr'>costantiaq.</span> <span class='ocrx_word' id='word_1_277' title='bbox 704 3627 730 3674; x_wconf 87' lang='lat' dir='ltr'><em>A</em></span> <span class='ocrx_word' id='word_1_278' title='bbox 841 3642 873 3674; x_wconf 79' lang='lat' dir='ltr'>aa</span> <span class='ocrx_word' id='word_1_279' title='bbox 890 3625 1061 3674; x_wconf 87' lang='lat' dir='ltr'>conueniente</span> <span class='ocrx_word' id='word_1_280' title='bbox 1079 3627 1204 3675; x_wconf 84' lang='lat' dir='ltr'>Lanmnt:</span> 
     </span>
     <span class='ocr_line' id='line_1_36' title="bbox 205 3691 1206 3754; baseline -0.005 -12"><span class='ocrx_word' id='word_1_281' title='bbox 205 3695 365 3743; x_wconf 86' lang='lat' dir='ltr'>conueniens</span> <span class='ocrx_word' id='word_1_282' title='bbox 392 3693 461 3743; x_wconf 88' lang='lat' dir='ltr'>AP:</span> <span class='ocrx_word' id='word_1_283' title='bbox 495 3693 688 3754; x_wconf 84' lang='lat' dir='ltr'>constantiaque</span> <span class='ocrx_word' id='word_1_284' title='bbox 714 3708 780 3754; x_wconf 81' lang='lat' dir='ltr'>quae</span> <span class='ocrx_word' id='word_1_285' title='bbox 806 3693 821 3742; x_wconf 88' lang='lat' dir='ltr'>i.</span> <span class='ocrx_word' id='word_1_286' title='bbox 850 3693 864 3740; x_wconf 89' lang='lat' dir='ltr'>i.</span> <span class='ocrx_word' id='word_1_287' title='bbox 890 3691 1050 3740; x_wconf 90' lang='lat' dir='ltr'>conueniens</span> <span class='ocrx_word' id='word_1_288' title='bbox 1071 3691 1157 3739; x_wconf 85' lang='lat' dir='ltr'>Aldus</span> <span class='ocrx_word' id='word_1_289' title='bbox 1183 3696 1206 3738; x_wconf 87' lang='lat' dir='ltr'>et</span> 
     </span>
     <span class='ocr_line' id='line_1_37' title="bbox 208 3755 1206 3823; baseline -0.006 -15"><span class='ocrx_word' id='word_1_290' title='bbox 208 3760 329 3823; x_wconf 82' lang='lat' dir='ltr'>Wopkens</span> <span class='ocrx_word' id='word_1_291' title='bbox 453 3775 520 3820; x_wconf 88' lang='lat' dir='ltr'>quae</span> <span class='ocrx_word' id='word_1_292' title='bbox 545 3759 672 3808; x_wconf 83' lang='lat' dir='ltr'>fortunam</span> <span class='ocrx_word' id='word_1_293' title='bbox 697 3759 821 3807; x_wconf 84' lang='lat' dir='ltr'>Laurent:</span> <span class='ocrx_word' id='word_1_294' title='bbox 861 3756 1040 3817; x_wconf 81' lang='lat' dir='ltr'>fortunamque</span> <span class='ocrx_word' id='word_1_295' title='bbox 1067 3755 1125 3813; x_wconf 89' lang='grc' dir='ltr'>ΑΡ,</span> <span class='ocrx_word' id='word_1_296' title='bbox 1152 3755 1206 3803; x_wconf 68' lang='lat' dir='ltr'>uelle</span> 
     </span>
     <span class='ocr_line' id='line_1_38' title="bbox 204 3821 1205 3888; baseline -0.002 -16"><span class='ocrx_word' id='word_1_297' title='bbox 204 3824 313 3888; x_wconf 84' lang='lat' dir='ltr'>Maduig</span> <span class='ocrx_word' id='word_1_298' title='bbox 332 3825 439 3875; x_wconf 83' lang='lat' dir='ltr'>Aduers.</span> <span class='ocrx_word' id='word_1_299' title='bbox 454 3825 479 3876; x_wconf 88' lang='lat' dir='ltr'>ii.</span> <span class='ocrx_word' id='word_1_300' title='bbox 497 3841 521 3888; x_wconf 89' lang='lat' dir='ltr'>p.</span> <span class='ocrx_word' id='word_1_301' title='bbox 535 3839 584 3887; x_wconf 79' lang='lat'>302</span> <span class='ocrx_word' id='word_1_302' title='bbox 699 3825 755 3873; x_wconf 90' lang='lat' dir='ltr'>eius</span> <span class='ocrx_word' id='word_1_303' title='bbox 771 3822 826 3872; x_wconf 87' lang='grc' dir='ltr'>ΑΡ</span> <span class='ocrx_word' id='word_1_304' title='bbox 953 3837 986 3884; x_wconf 76' lang='lat'>23</span> <span class='ocrx_word' id='word_1_305' title='bbox 1003 3823 1119 3871; x_wconf 84' lang='lat' dir='ltr'>ultimum</span> <span class='ocrx_word' id='word_1_306' title='bbox 1136 3821 1205 3870; x_wconf 80' lang='lat' dir='ltr'>BA:</span> 
     </span>
     <span class='ocr_line' id='line_1_39' title="bbox 157 3890 355 3940; baseline 0 0"><span class='ocrx_word' id='word_1_307' title='bbox 157 3925 160 3930; x_wconf 86' lang='lat'>-</span> <span class='ocrx_word' id='word_1_308' title='bbox 204 3890 355 3940; x_wconf 83' lang='lat' dir='ltr'>ultimamP</span> 
     </span>
    </p>
   </div>
   <div class='ocr_carea' id='block_1_5' title="bbox 688 3978 721 4034">
    <p class='ocr_par' dir='ltr' id='par_1_12' title="bbox 688 3978 721 4034">
     <span class='ocr_line' id='line_1_40' title="bbox 688 3978 721 4034; baseline 0 0"><span class='ocrx_word' id='word_1_309' title='bbox 688 3978 721 4034; x_wconf 80' lang='lat'>⁴⁷</span> 
     </span>
    </p>
   </div>
   <div class='ocr_carea' id='block_1_6' title="bbox 0 0 1507 4520">
    <p class='ocr_par' dir='ltr' id='par_1_13' title="bbox 0 0 1507 4520">
     <span class='ocr_line' id='line_1_41' title="bbox 0 0 1507 4520; baseline 0 0"><span class='ocrx_word' id='word_1_310' title='bbox 0 0 1507 4520; x_wconf 95' lang='lat' dir='ltr'> </span> 
     </span>
    </p>
   </div>
  </div>
 </body>
</html>
