3024 4568
582 381 733 439 VELLEI
756 379 996 440 PATERCVLI

263 577 275 612 ι
290 549 419 611 maximo
433 551 472 611 ad
486 549 647 628 principale
661 552 790 610 extulere
803 549 959 626 fastigium,
972 561 1002 609 et
1015 547 1067 626 qui
1078 547 1206 626 equestri
1220 550 1289 608 loco

290 660 393 708 natum
415 650 463 725 Sp.
488 647 650 710 Caruilium
675 659 705 708 et
726 667 796 706 mox
818 649 860 706 M.
885 648 1040 719 Catonem,
1063 665 1177 706 nouum
1199 645 1288 705 etiam

289 747 430 818 Tusculo,
444 745 523 804 urbis
538 744 724 822 inquilinum,
738 743 980 820 Mummiumque
995 743 1160 804 Achaicum
1174 742 1205 801 in
1220 763 1290 802 con-

264 845 411 915 asulatus,
427 862 566 902 censuras
580 854 610 902 et
624 841 790 918 triumphos
807 861 976 918 prouexere,
992 852 1021 900 et
1041 839 1092 917 qui
1107 841 1140 901 C.
1159 839 1289 899 Marium

290 941 408 1017 ignotae
430 940 549 1018 originis
570 961 665 1028 usque
685 942 725 1000 ad
746 952 861 1000 sextum
883 942 1070 1000 consulatum
1091 937 1155 999 sine
1174 937 1319 1012 dubita-5

290 1039 371 1100 tione
384 1040 514 1100 Romani
528 1040 656 1101 nominis
667 1041 798 1100 habuere
812 1039 986 1118 principem,
994 1051 1024 1099 et
1035 1038 1086 1116 qui
1098 1040 1141 1097 M.
1154 1040 1170 1108 †
1182 1037 1288 1097 Fuluio

290 1148 405 1197 tantum
427 1137 563 1211 tribuere,
589 1149 621 1197 ut
643 1157 738 1214 paene
760 1137 966 1198 adsentatione
990 1156 1044 1196 sua
1067 1134 1176 1211 quibus
1199 1137 1288 1194 uellet

290 1234 470 1312 principatus
489 1234 667 1307 conciliaret,
683 1233 793 1311 quique
808 1233 881 1294 nihil
900 1233 1005 1293 Asinio
1020 1231 1148 1292 Pollioni
1165 1251 1290 1308 negaue-

290 1344 366 1404 runt,
382 1334 465 1409 quod
487 1331 678 1392 nobilissimis
703 1351 821 1391 summo
836 1351 905 1390 cum
919 1332 1028 1390 sudore
1042 1330 1288 1406 consequendum

291 1430 374 1502 foret,
390 1432 523 1506 profecto
542 1431 601 1489 hoc
620 1439 783 1501 senserunt,
798 1427 829 1488 in
849 1427 1063 1503 cuiuscumque
1081 1425 1182 1486 animo
1196 1425 1288 1485 uirtus
1305 1451 1337 1486 ro

263 1525 409 1599 ainesset,
438 1525 466 1586 ei
500 1526 659 1604 plurimum
692 1547 757 1586 esse
787 1525 986 1586 tribuendum.
1043 1526 1117 1584 haec
1150 1523 1289 1583 naturalis

291 1624 418 1701 exempli
440 1624 566 1685 imitatio
588 1627 627 1685 ad
655 1623 866 1701 experiendum
895 1623 1034 1684 Seianum
1060 1624 1227 1694 Caesarem,
1250 1623 1289 1681 ad

290 1722 422 1782 iuuanda
448 1743 519 1782 uero
542 1743 633 1783 onera
656 1722 796 1800 principis
824 1721 964 1782 Seianum
992 1719 1121 1798 propulit
1143 1731 1290 1780 senatum-

289 1841 349 1898 que
377 1831 406 1881 et
435 1823 579 1898 populum
611 1824 783 1881 Romanum
813 1841 850 1880 eo
879 1819 1022 1897 perduxit,
1051 1829 1092 1892 ut,
1121 1820 1204 1895 quod
1233 1838 1289 1877 usu

290 1917 437 1995 optimum
458 1917 608 1995 intellegit,
631 1918 662 1978 id
686 1917 717 1977 in
738 1919 860 1978 tutelam
885 1916 1047 1977 securitatis
1070 1936 1141 1976 suae
1165 1915 1290 1975 libenter
1304 1941 1336 1990 15

290 2015 426 2074 aduocet.

223 2127 279 2184 129
333 2114 393 2172 Sed
421 2113 572 2190 proposita
601 2113 686 2190 quasi
714 2113 852 2194 uniuersa
878 2113 1059 2191 principatus
1086 2111 1132 2172 Ti.
1156 2111 1290 2174 Caesaris

285 2211 363 2285 facie
387 2210 502 2288 singula
532 2231 745 2272 recenseamus.
789 2232 849 2288 qua
884 2211 932 2272 ille
967 2211 1124 2288 prudentia
1159 2213 1291 2270 Rhascu-

291 2307 392 2384 polim,
422 2307 663 2385 interemptorem
690 2307 784 2368 fratris
812 2308 858 2369 sui
885 2309 927 2368 fili
955 2308 1057 2386 Cotyis
1085 2308 1290 2384 consortisque

291 2404 425 2464 eiusdem
440 2405 552 2482 imperi,
570 2408 699 2466 Romam
714 2406 869 2467 euocauit!
911 2406 1049 2483 singulari
1066 2405 1096 2464 in
1115 2426 1153 2466 eo
1170 2404 1289 2482 negotio
1306 2431 1337 2464 ιο

292 2523 362 2562 usus
384 2523 474 2580 opera
496 2503 593 2564 Flacci
609 2503 757 2581 Pomponi
778 2503 940 2563 consularis
961 2503 1025 2576 uiri,
1044 2503 1106 2562 nati
1126 2505 1165 2564 ad
1189 2502 1290 2562 omnia

291 2621 369 2678 quae
401 2613 480 2661 recte
515 2602 651 2663 facienda
682 2614 759 2676 sunt,
790 2602 976 2680 simplicique
1011 2601 1118 2661 uirtute
1151 2601 1290 2662 merentis

266 2727 277 2760 2
291 2721 415 2778 semper,
432 2721 596 2778 numquam
611 2701 755 2779 captantis
770 2701 900 2778 gloriam.
940 2722 1009 2761 cum
1023 2712 1135 2778 quanta
1148 2700 1290 2776 grauitate

327 2871 338 2902 1
352 2864 378 2905 et
387 2857 430 2917 qui
439 2857 551 2917 equestri
563 2857 674 2904 Frohlah
686 2875 692 2905 ι
709 2864 735 2905 et
746 2873 812 2918 eque
822 2857 949 2917 sequestri
961 2856 986 2902 A
999 2874 1006 2905 τ
1023 2863 1049 2904 et
1058 2856 1171 2917 equestri
1180 2855 1206 2902 P
1274 2871 1290 2916 3

288 2927 345 2983 post
356 2922 465 2970 Tusculo
480 2923 627 2984 interpunan',
645 2927 668 2969 at
679 2923 713 2970 sic
725 2928 781 2969 ante
795 2938 834 2969 me
845 2921 956 2969 Laureut
1065 2923 1081 2968 6
1098 2921 1180 2968 Tullio
1191 2919 1292 2982 Lipsius

292 2990 308 3035 8
326 2988 495 3049 principatum
503 2987 621 3049 Kreyssig
719 2987 898 3036 consiliaretA
1002 3002 1031 3034 12
1051 3001 1113 3034 uero
1126 2986 1246 3049 del.‚de1'n
1258 2988 1290 3034 ad

293 3053 451 3101 iuuandaA:
471 3052 582 3100 leuanda
594 3052 698 3100 Cludtus
797 3067 826 3113 13
844 3052 1105 3114 propulitAa'daaus:
1124 3052 1229 3114 protulit
1240 3051 1294 3099 ΑΡ

294 3133 324 3178 14
342 3118 462 3178 perduxit
476 3117 516 3164 P:
540 3119 661 3179 produxit
675 3116 725 3164 BA
801 3132 830 3178 15
843 3117 1017 3178 intelligitA:
1034 3117 1196 3178 intellegitP
1261 3132 1290 3177 17

292 3184 365 3244 quasi
385 3183 450 3233 AP:
475 3183 586 3244 imagine
600 3184 691 3230 Fn'ebel
755 3183 809 3232 Tib.
830 3184 870 3232 P:
887 3184 915 3230 T.
930 3184 956 3230 A
1059 3185 1088 3230 18
1108 3183 1173 3230 facie
1191 3183 1290 3244 smpsi:

293 3250 373 3297 forma
384 3248 523 3296 Rhenanus
535 3255 558 3296 et
572 3248 658 3311 Burer,
675 3249 750 3308 quasi
761 3249 820 3297 hinc
828 3249 941 3310 exuant,
954 3248 1021 3308 iufra
1028 3253 1086 3310 post
1097 3249 1196 3310 imperii
1209 3253 1289 3294 trans·

289 3315 401 3377 positum
405 3315 495 3375 fiaen't:
514 3314 582 3375 quod
590 3315 707 3362 incertum
719 3319 754 3361 est
804 3315 933 3376 singulare
942 3314 1123 3362 censeamusA
1208 3328 1238 3374 ¹9
1255 3314 1291 3360 llll

292 3380 318 3426 A
386 3379 477 3440 Cotyis
495 3379 630 3428 Heinsius:
658 3380 754 3438 Cotyss
772 3381 817 3427 A:
841 3381 923 3440 Cotys
940 3379 966 3426 P
1073 3395 1106 3427 ao
1123 3379 1223 3440 imperii
1241 3378 1294 3426 ΑΡ

293 3446 403 3492 Romam
414 3444 518 3492 Vrsinus
529 3463 535 3494 ι
549 3447 654 3493 formam
663 3443 753 3494 ABP:
775 3445 997 3493 Vrstniemeudatrb
1008 3445 1032 3492 si
1043 3461 1101 3492 uera
1109 3450 1150 3497 est,
1160 3449 1189 3490 ut
1197 3444 1295 3491 uidetur

293 3526 349 3570 esse,
369 3509 432 3557 cadit
450 3511 631 3572 argumentatio
647 3509 766 3557 Rhenani
782 3516 805 3558 et
817 3510 908 3557 Buren'
923 3511 1004 3558 forma
1024 3511 1135 3572 superius
1151 3510 1208 3556 hinc
1224 3525 1291 3556 reuo-

293 3575 411 3624 cantium.
445 3574 514 3622 Nam
527 3592 593 3623 maro
606 3591 683 3623 errore
696 3575 804 3624 Romam
821 3577 847 3623 in
861 3577 969 3624 sormam
984 3577 1041 3622 atat
1127 3591 1156 3622 21
1176 3574 1290 3636 opereA

294 3641 430 3700 Pomponii
442 3640 496 3687 ΑΡ
609 3656 641 3702 23
659 3656 794 3702 numquam
808 3643 897 3691 Orelli:
920 3657 995 3702 quarn
1006 3640 1060 3688 ΑΡ
1129 3647 1292 3701 cumquanta

292 3705 360 3754 AP:
371 3705 478 3766 [ονίαεει
489 3721 545 3754 nam
558 3713 653 3767 quanta
664 3722 722 3754 cum

781 3883 827 3933 140
