3024 4568
524 465 869 527 COMMENTARIVS
891 465 1089 526 CRITICVS

255 638 258 645 '
339 633 431 702 posuit
445 634 530 686 etiam
540 635 583 688 P:
604 650 659 704 qua
671 634 756 686 eliam
768 634 811 687 P:
833 633 1112 687 demandesmontem
1131 635 1214 686 etiam
1229 632 1270 686 P:
1284 631 1304 685 ti

302 719 360 774 lata
372 722 456 773 etiam
469 722 503 774 P.
536 719 592 774 Sed
611 723 698 774 Burer
710 719 852 773 adnotauit
866 721 873 748 ‘
885 722 936 773 Ex.
950 729 1003 774 uet.
1018 719 1058 774 sic
1071 719 1205 790 scriptum
1218 720 1304 774 habet

302 807 396 876 posuit
414 807 559 861 uictoriam
577 824 632 877 qua
651 808 803 862 demendes
822 814 917 862 monte
936 807 1015 862 tifata
1034 824 1097 860 cum
1118 809 1149 861 C.
1167 808 1303 862 Norbano

302 905 477 948 concurrerat
493 895 584 963 Sylla?
621 905 717 964 gratus
730 897 766 948 P.

337 982 494 1052 Tifatorum
514 980 618 1036 mentio
639 999 702 1036 cum
725 983 778 1036 hac
799 981 915 1036 uictoria
939 981 1033 1036 Sullae
1053 981 1200 1036 coniuncta
1220 991 1263 1035 est
1285 998 1303 1035 a

302 1068 451 1122 Plutarcho
466 1069 532 1122 Sull.
543 1082 585 1134 27,
600 1068 649 1122 sed
665 1079 694 1122 ut
711 1069 784 1122 circa
801 1070 875 1122 hunc
897 1077 1020 1122 montem
1037 1068 1122 1122 etiarn
1137 1067 1302 1138 prodigium,

300 1154 429 1208 euenisse
442 1155 586 1209 tradiderit
601 1157 676 1226 quod
694 1157 795 1222 Sullae,
813 1166 962 1226 antequam
980 1174 1014 1209 ex
1031 1155 1151 1210 Graecia
1164 1155 1304 1224 transiret,

300 1259 385 1295 omen
393 1241 472 1297 luerit
480 1243 617 1298 fortunae.
642 1245 732 1313 μικρὸν
744 1245 772 1296 δὲ
785 1244 893 1313 πρὸτῆς
906 1243 1049 1304 διαβάσεως
1062 1243 1090 1296 ἐν
1103 1244 1234 1312 Καμπανίᾳ
1246 1245 1306 1313 περὶ

298 1329 329 1380 τό
342 1329 456 1398 Τίφατον
467 1328 527 1399 όρος
539 1329 633 1400 ἡμέρας
646 1329 772 1400 ὤφθησαν
784 1329 829 1383 δύο
841 1332 932 1399 τράγοι
944 1332 1052 1399 μεγάλοι
1064 1330 1255 1399 συμφερόμενοι
1264 1330 1306 1383 καί

298 1417 382 1470 πάντα
396 1416 504 1486 δρῶντες
517 1417 557 1468 καί
568 1419 714 1486 πάσχοντες
727 1417 890 1487 άσυμβαίνει
902 1417 1055 1485 μαχομένοις
1068 1415 1218 1484 ἀνθρώποις.
1250 1413 1304 1471 Ἠν

300 1503 327 1556 δι’
341 1503 390 1573 άρα
403 1505 506 1574 φάσμα.
520 1544 526 1557 .
540 1544 547 1558 .
561 1545 567 1558 .
581 1503 621 1557 καί
632 1503 685 1573 μετ’
700 1504 729 1557 οὐ
741 1504 825 1558 πολὺν
834 1505 928 1573 χρόνον
939 1504 967 1557 ἐν
978 1502 1014 1574 τῷ
1024 1505 1094 1575 τόπῳ
1106 1501 1187 1573 τούτῳ
1201 1504 1303 1573 Μαρίου

300 1594 346 1643 τοῦ
363 1591 421 1644 νέου
438 1592 479 1644 καί
499 1593 635 1661 Νορβανοῦ
653 1595 700 1645 τοῦ
715 1592 812 1645 ὑπάτου
828 1591 941 1662 μεγάλας
960 1591 1077 1660 δυνάμεις
1093 1591 1273 1661 ἐπαγαγόντων
1290 1594 1305 1644 ό

302 1676 404 1732 Σύλλας
413 1681 470 1732 οὔτε
481 1678 555 1744 τάξιν
566 1677 677 1732 ἀποδοὺς
693 1681 750 1731 οὔτε
764 1679 875 1746 λοχίσας
886 1679 916 1730 τό
929 1677 1022 1730 οἰκεῖον
1031 1679 1184 1747 στράτευμα,
1195 1675 1266 1747 ῥώμῃ
1275 1678 1304 1731 δὲ

298 1763 442 1835 προθυμίας
463 1768 547 1834 κοινῆς
570 1766 611 1819 καί
639 1766 712 1836 φορᾷ
740 1767 837 1834 τόλμης
855 1764 1068 1834 ἀποχρησάμενος
1089 1763 1221 1835 ἐτρέψατο
1244 1765 1305 1822 τοὺς

300 1854 447 1917 πολεμίους.
1280 1919 1282 1922 Ι

335 1940 474 2009 Corrupta
495 1941 581 1994 uerba
601 1939 641 1994 sic
662 1939 800 1994 emendo:
827 1944 891 2008 port
914 1936 1036 2007 (Galen.)
1055 1937 1209 2002 uictoriam,
1236 1941 1304 2008 quia

300 2025 465 2095 (Ruhnken)
476 2027 511 2080 de
524 2027 646 2080 meridie
657 2027 707 2081 sub
719 2035 844 2080 montem
857 2025 950 2079 Tifata
963 2043 1026 2078 cum
1040 2027 1072 2080 C.
1087 2027 1223 2079 Norbano
1236 2042 1303 2079 con·

299 2123 422 2167 currerat
437 2114 521 2168 Sulla.
558 2114 643 2181 n=ri,
658 2125 687 2167 ut
700 2113 957 2167 interita=intenta
969 2124 1012 2180 45.
1026 2127 1050 2179 3.

336 2202 408 2267 Hoc,
422 2211 450 2254 et
468 2201 616 2270 praecipue
636 2201 711 2271 quod
729 2203 762 2254 de
780 2201 897 2254 merrdie
915 2218 979 2254 cum
995 2200 1131 2253 Norbano
1147 2199 1302 2268 decertarit,

298 2305 333 2341 ex
343 2287 437 2341 Sullae
450 2306 542 2342 rerum
555 2289 696 2355 gestarum
706 2287 914 2342 commentariis
925 2287 1007 2351 (Plut
1020 2288 1085 2340 Luc.
1096 2287 1114 2354 i,
1125 2287 1192 2341 Sull.
1202 2287 1303 2355 xxxvii,

298 2374 384 2428 Prisc.
398 2374 414 2442 i,
428 2393 454 2444 p.
467 2376 520 2441 476
535 2374 632 2444 Hertz)
649 2376 733 2429 credo
747 2375 900 2444 sumpsisse
912 2377 947 2428 V.

335 2481 401 2532 261
424 2479 455 2533 C.
471 2479 578 2532 Marius
598 2479 721 2549 septiens
741 2459 856 2536 c—ON—s.
874 2478 945 2534 filius
969 2496 1060 2533 annos
1081 2477 1246 2532 natusxxvi.
1260 2479 1303 2532 uir

298 2565 385 2620 animi
398 2565 487 2635 magis
500 2584 585 2636 quam
598 2565 660 2620 aeui
674 2567 790 2636 paterni.
803 2567 841 2622 Α.

336 2654 419 2721 Quod
439 2656 506 2706 aeui
525 2653 651 2724 plerique
676 2655 894 2724 interpretantur
917 2652 1017 2708 aetatis
1042 2651 1184 2722 (Laurent‚
1210 2652 1301 2719 Koch,

298 2741 417 2808 Milkau,
429 2739 551 2810 Scriner)
565 2750 709 2812 tamquam
724 2742 832 2796 Marius
846 2751 926 2811 pater
938 2739 1094 2794 diutissime
1107 2740 1214 2807 uixerit,
1229 2739 1301 2793 filius

298 2845 365 2882 uero
394 2839 573 2897 praematura
597 2838 685 2882 morte
710 2829 842 2899 abreptus
866 2827 956 2894 suerit,
982 2825 1050 2880 mihi
1075 2827 1185 2880 uidetur
1208 2825 1301 2895 potius

295 2915 448 2983 significari
472 2915 545 2969 uitae
571 2933 667 2969 cursus
693 2915 751 2970 siue
775 2916 895 2981 fortuna,
920 2930 1011 2984 neque
1035 2923 1144 2968 tantum
1167 2913 1300 2982 temporis

294 3003 447 3072 premenda
464 3001 541 3055 notio
561 2999 650 3070 (uelut
670 3012 712 3056 est
733 3001 829 3056 Giesio
848 3013 957 3071 tempus
976 3001 1004 3054 in
1024 3001 1099 3070 quod
1118 3000 1176 3054 uita
1195 2999 1300 3068 incidit,

295 3089 354 3144 siue
375 3089 453 3159 peior
473 3088 646 3158 oportunitas
671 3089 746 3142 uitae
771 3107 856 3159 quam
875 3088 947 3158 patri
967 3087 1142 3156 contigerat),
1165 3097 1301 3157 quantum

295 3194 387 3230 rerum
400 3176 500 3245 quibus
514 3175 542 3229 in
556 3176 621 3244 uita,
640 3177 735 3246 quoad
753 3175 829 3243 uixit,
848 3175 920 3230 filius
940 3192 1008 3229 usus
1026 3184 1077 3230 est.
1115 3174 1162 3228 Sic
1184 3175 1300 3228 Graecis

294 3264 351 3331 βίος
364 3263 502 3317 interdum
515 3273 558 3316 est
569 3265 705 3332 συμφοραὶ
717 3261 785 3328 βίου.
1051 3286 1066 3331 ρ

331 3367 365 3419 ογ
379 3365 395 3403 2
416 3348 584 3403 Hannibalis
597 3351 669 3403 intra
683 3349 795 3403 tertium
809 3348 958 3403 miliarium
972 3351 1134 3420 conspicata
1148 3361 1239 3407 castra
1252 3352 1290 3405 Α.

332 3439 431 3508 ltaque
448 3438 524 3506 prius
542 3437 608 3505 legit
625 3437 829 3491 Amerbachius
848 3439 1006 3505 conspicata
1021 3445 1123 3492 castra.
1183 3441 1240 3492 Aut
1254 3456 1299 3492 me

293 3541 376 3579 aures
393 3525 491 3579 fallunt
508 3535 555 3579 aut
571 3525 626 3579 hoc
648 3525 745 3579 maluit
767 3525 801 3578 V.
822 3542 879 3578 non
902 3524 930 3577 id
950 3526 1025 3594 quod
1047 3537 1090 3580 est
1110 3526 1139 3580 in
1160 3527 1188 3579 P
1205 3533 1299 3580 castra

293 3615 460 3681 conspicata.

329 3701 395 3752 282
418 3699 521 3769 quippe
547 3699 666 3753 dictator
694 3707 803 3752 creatus
837 3698 915 3752 cuius
944 3699 1058 3753 honoris
1084 3699 1226 3769 usurpatio
1248 3716 1299 3769 per

293 3804 382 3840 annos
396 3803 445 3840 cxx
458 3785 617 3839 intermissa
630 3803 696 3838 nam
707 3785 847 3855 proximus
863 3796 926 3855 post
942 3804 1046 3840 annum
1057 3804 1141 3856 quarn
1153 3787 1298 3840 Hannibal

294 3874 376 3928 ltalia
394 3882 550 3928 excesserat
569 3872 609 3927 uti
627 3874 762 3943 adpareat
782 3875 915 3942 populum
931 3876 965 3928 R.
983 3892 1063 3928 usum
1083 3874 1228 3928 dictatoris
1247 3883 1295 3929 aut
