3024 4568
503 461 847 521 COMMENTARIVS
870 462 1068 523 CRITICVS

284 675 416 744 (testante
436 677 533 744 Burer)
554 677 581 730 in
602 679 788 745 Murbacensi,
802 689 830 732 at
848 678 875 731 in
892 681 919 732 P
936 681 996 731 eius
1013 681 1123 746 aetatis,
1133 677 1161 731 in
1174 679 1201 731 A
1211 641 1258 667 em

282 766 366 817 etatis
383 765 447 833 legi,
466 782 540 818 nunc
560 766 685 834 suspicor
704 768 872 819 Rhenanum
893 775 921 820 et
943 766 1162 820 Amerbachium
1185 767 1284 820 uitiose

245 869 248 876 ⁴
283 852 480 921 interpretatos
498 853 552 906 hoc
562 854 638 922 quod
655 870 719 906 cum
733 853 809 922 prius
821 852 917 906 fuisset
930 854 1012 906 elatis
1024 871 1162 922 suprascr.
1175 856 1284 916 euectos,

283 950 382 1007 postea
392 939 419 992 in
430 939 458 992 id
469 950 628 1009 corruptum
640 941 727 995 suerat
737 941 812 1010 quod
820 957 876 993 non
885 958 940 993 uno
951 942 1035 994 modo
1045 951 1141 1010 posset
1153 940 1284 1008 intellegi.

283 1028 341 1081 Sed
355 1037 503 1096 utcumque
516 1044 559 1081 res
573 1027 746 1096 expedienda
759 1028 819 1094 erit,
832 1027 985 1081 ablatiuum
998 1026 1113 1094 retine0,
1127 1027 1186 1082 siue
1202 1029 1285 1081 elates

283 1114 342 1168 siue
355 1116 464 1181 euectis,
478 1131 540 1168 cum
553 1117 707 1185 tragoediis
719 1114 954 1183 coniungendurn.

320 1202 369 1269 96
390 1201 574 1270 Pomponium
588 1203 715 1256 sensibus
729 1204 868 1256 celebrem
881 1203 946 1256 ΑΡ.

321 1288 422 1341 Melius
438 1288 569 1342 antithesi
590 1289 759 1343 consulueris
777 1306 849 1359 quae
869 1289 939 1343 inest
959 1288 1012 1342 illis
1032 1290 1124 1342 uerbis
1140 1290 1246 1355 rudem,
1260 1290 1284 1342 si

284 1393 346 1428 curn
359 1376 547 1430 Warburtono
561 1376 701 1445 scripseris
719 1377 837 1442 celerem,
851 1377 884 1429 cf.
901 1378 957 1430 118.
970 1391 986 1428 2
1000 1375 1189 1447 atauusortis,
1202 1395 1285 1430 seusu

282 1465 359 1530 celer,
374 1476 439 1530 73.1
455 1481 543 1516 ruauu
554 1468 708 1532 promptus,
720 1466 886 1533 cogitatione
897 1465 973 1518 celer.
999 1465 1100 1517 Verbis
1115 1465 1285 1532 Pomponius

283 1568 348 1603 usus
362 1559 403 1604 est
416 1551 532 1604 rudibus
549 1551 763 1622 inconditisque‚
777 1561 815 1618 at,
829 1553 903 1621 quod
917 1569 1048 1619 magnam
1061 1563 1169 1621 partem
1182 1552 1286 1621 leporis

282 1639 376 1704 habet,
396 1639 523 1692 sensibus
548 1639 607 1692 siue
628 1639 773 1692 sententiis
795 1640 868 1692 celer
892 1649 919 1693 et
940 1639 1029 1692 facilis
1052 1649 1126 1693 erat:
1158 1641 1211 1692 hoc
1232 1650 1285 1705 est,

283 1725 404 1777 eundem
418 1742 532 1779 sensum
550 1742 606 1779 non
626 1726 708 1778 nimis
728 1727 881 1795 premebat,
900 1726 950 1778 sed
968 1728 1003 1780 ab
1016 1726 1103 1779 altero
1116 1727 1153 1780 ad
1166 1728 1284 1780 alterum

282 1811 442 1878 festinabat,
455 1822 484 1865 ut
498 1830 571 1866 noua
584 1830 695 1882 semper
707 1814 827 1867 obferret
840 1813 1027 1867 audientibus.

318 1916 352 1954 10
369 1913 379 1952 1
401 1900 472 1952 adeo
491 1909 591 1953 natura
605 1901 723 1967 (mature
736 1902 773 1969 P)
788 1919 805 1954 a
821 1900 904 1953 rectis
922 1900 949 1952 in
967 1900 1034 1954 uitia
1047 1919 1064 1953 a
1078 1899 1139 1968 (om.
1156 1901 1195 1968 A)
1210 1901 1285 1956 uitiis

283 1985 311 2038 in
325 2003 411 2054 praua
425 2004 441 2039 a
454 1986 549 2056 prauis
562 1987 590 2040 in
603 1987 766 2056 praecipitia
779 1987 938 2056 peruenitur
950 1987 1015 2040 ΑΡ.

321 2074 484 2126 Seruandus
500 2073 545 2127 hic
563 2084 622 2128 erat
639 2075 706 2128 ordo
726 2075 863 2140 codicum,
877 2092 912 2128 ne
929 2092 1044 2144 pessum
1058 2073 1107 2127 iret
1124 2074 1286 2128 assonantia

282 2159 329 2213 illa
336 2164 443 2229 praua,
451 2163 565 2230 prauis,
573 2164 753 2230 prizecipitc'a.
791 2163 836 2215 De
853 2179 907 2231 qua
923 2180 952 2215 re
971 2172 1034 2230 post
1048 2162 1236 2215 Woelfflinum
1256 2173 1284 2216 et

283 2247 442 2300 Ebrardum
463 2248 550 2302 fusius
572 2248 702 2302 disseruit
722 2250 830 2302 Milkau
856 2250 888 2302 de
915 2250 1000 2302 Vellei
1022 2250 1169 2303 Paterculi
1182 2267 1285 2321 genere

282 2333 393 2386 dicendi
405 2351 450 2403 pp.
467 2347 551 2403 15-25
566 2336 738 2406 (Regimonti
755 2336 841 2403 1888).

318 2437 344 2474 11
360 2436 371 2474 1
395 2423 424 2475 C.
441 2423 546 2476 Marius
561 2465 567 2477 .
582 2465 588 2478 .
601 2464 608 2477 .
622 2433 704 2476 natus
718 2424 838 2492 equestri
852 2425 913 2478 loco
927 2425 991 2477 ΑΡ.

317 2510 456 2576 Equestri
467 2511 541 2563 Voss
560 2510 587 2563 in
601 2513 708 2581 agresti
725 2511 876 2579 refingebat
896 2528 930 2564 ex
947 2511 1019 2564 Plut.
1034 2513 1105 2564 Mar.
1119 2527 1134 2580 3
1147 2515 1284 2581 γενόμενον

281 2598 376 2666 γονέων
388 2598 550 2650 παντάπασιν
569 2597 676 2664 ἀδόξων,
690 2597 838 2667 αὐτουργῶν
850 2599 878 2650 δὲ
897 2601 938 2650 καὶ
957 2596 1078 2664 aeritur.
1117 2602 1212 2653 quen.
1226 2600 1284 2654 viii.

283 2695 332 2750 245
355 2685 511 2738 Volscorum
524 2686 555 2737 iu
575 2691 666 2738 monte
685 2686 787 2737 solebat
798 2687 913 2738 Poscere
932 2685 1066 2738 mercedes
1083 2688 1174 2740 alieuo
1193 2688 1285 2741 lassus

227 2843 232 2850 Ι
282 2777 388 2823 aratro.
426 2772 495 2824 Plin.
510 2774 548 2825 H.
563 2773 598 2826 N.
611 2773 701 2826 xxxiii.
718 2786 768 2841 150
780 2779 877 2826 orator
887 2774 1025 2842 Arpc'rcas
1041 2773 1098 2826 Cic.
1112 2774 1195 2827 Tusc.
1209 2773 1235 2828 ii.
1250 2790 1283 2828 22

281 2861 444 2911 rusticanus
466 2862 522 2912 uir.
561 2861 617 2914 Sed
642 2878 698 2913 non
724 2860 828 2915 idcirco
853 2860 954 2928 agresti
980 2861 1042 2913 loco
1067 2862 1201 2914 dicendus
1225 2875 1284 2916 erat

282 2945 373 2999 editus
386 2945 487 3001 fuisse:
508 2947 575 3017 quid
595 2947 690 3000 enim?
714 2965 769 3002 non
788 2947 896 3018 patricii
915 2964 1026 3017 quoque
1043 2949 1198 3016 agrestibus
1215 2949 1284 3004 locis

281 3034 452 3086 nascuntur?

320 3122 384 3173 Hoc
397 3120 487 3189 potius
500 3121 637 3174 Velleium
655 3122 827 3190 significasse
847 3122 946 3175 credo:
976 3121 1097 3174 Marium
1117 3125 1240 3190 equestri
1258 3131 1285 3176 et

193 3197 195 3203 ’
278 3209 456 3277 proucucioli
467 3210 524 3262 loco
533 3215 625 3262 ortum
638 3210 735 3274 (uerba
745 3219 810 3262 sunt
824 3211 890 3264 Tac.
904 3211 977 3262 Ann.
988 3207 1041 3261 xiV.
1054 3221 1085 3275 53
1099 3208 1135 3261 de
1149 3209 1284 3276 Seneca):

279 3295 400 3365 equitem
429 3295 542 3365 quidem
567 3296 660 3363 fuisse,
687 3297 736 3350 sed
759 3296 963 3364 municipalem,
990 3295 1078 3366 qualis
1103 3295 1154 3350 fuit
1178 3297 1284 3352 Cicero.

284 3385 380 3437 quen.
393 3383 449 3436 viii.
464 3385 514 3450 238
531 3385 721 3452 Municipalis
733 3401 829 3452 eques:
852 3383 909 3438 Cic.
924 3384 959 3436 de
975 3384 1045 3452 Rep.
1059 3383 1075 3437 i.
1089 3384 1113 3437 6.
1130 3399 1163 3436 10
1181 3385 1288 3438 Consul

281 3477 374 3523 autem
387 3461 443 3523 esse
454 3473 506 3540 qui
510 3473 603 3540 potui,
614 3473 672 3523 nisi
683 3489 745 3523 eum
757 3473 833 3523 uitae
842 3488 955 3524 cursum
965 3472 1112 3522 tenuissem
1123 3489 1141 3523 a
1144 3475 1284 3541 pueritia,

277 3561 430 3626 perquem
449 3560 573 3626 equestri
589 3559 647 3612 loco
666 3564 752 3610 uatus
763 3560 943 3627 peruenirem
963 3559 1004 3610 aa'
1018 3557 1149 3610 honorem
1167 3561 1285 3628 amplis·

281 3646 410 3698 simum?

319 3732 367 3786 Sic
379 3731 464 3786 etiam
481 3731 548 3785 alibi
568 3734 676 3785 locutus
689 3742 730 3785 est
743 3733 778 3785 V.
792 3732 827 3786 de
841 3731 978 3801 equitibus
992 3731 1071 3802 quasi
1083 3731 1228 3786 fastidiens
1242 3733 1284 3798 76.

280 3835 298 3885 4
310 3821 364 3888 qui
374 3825 458 3872 uatus
470 3820 672 3873 obscurissimis
684 3821 778 3873 initiis
784 3824 893 3889 parum
905 3820 1021 3873 habebat
1032 3834 1144 3872 summa
1152 3822 1284 3888 accepisse

762 3957 808 4006 ¹50
