3024 4568
522 428 867 489 COMMENTARIVS
890 429 1087 489 CRITICVS

307 615 363 652 non
376 607 417 652 est
430 597 605 652 tribuendum
623 597 788 651 femininum
799 597 935 666 Albanio,
950 598 1026 652 cuius
1039 598 1145 651 nullum
1158 597 1310 665 uestigium

306 687 409 740 habent
423 686 514 753 ABP,
529 695 625 739 contra
642 685 669 738 in
683 684 818 754 corruptis
831 685 883 738 illis
896 687 990 738 huleri
999 703 1031 738 ac
1043 695 1118 740 recte
1133 687 1312 739 Burmannus

306 772 450 841 indagauit
469 772 605 828 Hiberia:
633 789 698 825 nam
720 772 855 842 pluralem
874 773 1010 827 Hiberiae
1028 772 1132 842 respuit
1156 790 1221 827 usus
1243 790 1311 841 geo-

305 861 484 929 graphorum.

341 961 413 1016 404
431 946 507 1016 quod
528 945 609 1014 (cerr.
632 949 662 999 in
685 945 763 1015 quot)
789 957 884 1016 partes
902 948 977 1002 orbis
995 958 1129 1001 terrarum
1149 947 1203 1002 sint
1227 947 1309 1017 (cerr.

305 1032 381 1100 sunt)
395 1033 511 1088 totidem
524 1035 625 1088 laceret
638 1045 819 1088 monumenta
832 1035 965 1090 uictoriae
979 1053 1050 1089 suae
1066 1036 1103 1088 A.

340 1131 475 1174 terrarum
489 1121 564 1174 orbis
576 1123 609 1174 P.

341 1209 435 1262 Etiam
444 1208 684 1262 hicAmerbachio
693 1209 862 1263 credendum
872 1211 1154 1276 erat‚nonRhenan0.
1174 1210 1225 1263 Cui
1233 1210 1311 1263 enim

305 1307 362 1350 tam
375 1297 490 1350 hebetes
503 1314 584 1349 aures
598 1306 670 1364 sunt,
684 1307 783 1350 utnon
796 1297 900 1364 gratius
916 1307 995 1351 sonet
1009 1299 1157 1351 uerborum
1169 1297 1310 1351 ordinatio

304 1402 374 1453 quae
399 1392 442 1438 est
472 1383 500 1437 in
524 1385 552 1436 A
582 1385 656 1436 erbis
680 1390 823 1437 terrarum
850 1402 933 1454 quam
959 1402 1029 1454 quae
1058 1384 1086 1438 in
1115 1386 1142 1438 P
1165 1391 1309 1438 terrarum

304 1473 401 1525 orbis?

339 1560 464 1614 Alterum
487 1557 553 1612 illud
574 1560 633 1610 siut
654 1559 729 1628 quod
751 1557 826 1628 prius
851 1557 983 1628 scriptum
1008 1568 1051 1612 est
1073 1557 1101 1611 in
1122 1560 1150 1611 A
1172 1559 1310 1613 rationem

304 1648 397 1713 habet,
423 1647 446 1699 si
471 1656 560 1700 totam
586 1646 738 1699 clausulam
763 1651 796 1698 ut
815 1648 944 1716 prr’inum
960 1686 966 1698 .
980 1685 986 1698 .
1001 1687 1007 1700 .
1021 1647 1156 1700 uictoriae
1179 1664 1246 1700 suae
1275 1663 1309 1699 ex

304 1734 419 1787 consilio
432 1733 558 1786 fortunae
571 1734 692 1801 pendere
705 1732 800 1786 iacias
969 1801 974 1811 ι

338 1872 371 1924 41
384 1871 395 1909 1
418 1856 534 1907 Secutus
545 1853 647 1906 deinde
657 1863 698 1907 est
713 1839 832 1908 C—OS'C.
845 1852 964 1922 Caesari
968 1816 986 1842 Is
993 1853 1039 1924 qui
1051 1854 1183 1908 scribenti
1194 1871 1308 1907 manum

304 1942 389 1995 inlicit
403 1952 431 1995 et
444 1939 594 2010 quamlibet
608 1940 786 1994 festinantem
800 1940 827 1993 in
843 1957 872 1994 se
885 1941 986 1994 morari
1000 1941 1080 2010 cogit.
1095 1943 1132 1994 A.

340 2029 508 2083 Consulatus
520 2028 550 2081 C.
563 2029 753 2083 CAESARIS
768 2030 801 2083 P.
874 2028 1025 2098 quemlibet
1037 2030 1082 2083 P:
1112 2029 1197 2082 ‘alias
1210 2046 1308 2098 quam-

303 2117 384 2171 libet’
398 2117 500 2168 Burei.
793 2186 798 2194 .
963 2145 965 2149 -

341 2239 372 2290 ln
386 2238 412 2289 A
428 2245 491 2305 post
506 2237 611 2289 Caesar
622 2253 718 2288 rasura
731 2198 807 2302 estis
817 2247 919 2304 autem,
933 2237 1007 2306 quod
1026 2254 1109 2306 supra
1126 2253 1238 2290 uersum
1255 2245 1307 2302 est,

303 2323 358 2376 alio
371 2333 497 2391 tempore
511 2323 621 2376 uidetur
633 2323 768 2375 additum.
801 2324 897 2377 Habet
908 2333 1050 2392 praeterea
1057 2324 1216 2392 quotalibet.
1243 2325 1307 2376 Hoc

303 2421 333 2464 ut
346 2411 434 2463 multo
447 2410 549 2463 rectius
558 2420 600 2464 est
612 2426 696 2479 quam
709 2411 861 2478 quemlibet,
876 2411 973 2480 suique
984 2420 1084 2464 testem
1093 2419 1213 2480 praestat
1222 2409 1307 2463 etiam

305 2501 449 2564 Bormum,
464 2497 503 2551 sic
516 2515 573 2550 non
587 2497 679 2550 minus
692 2506 766 2550 recte
780 2497 888 2552 deletae
901 2508 964 2551 sunt
978 2497 1086 2551 litterae
1100 2516 1172 2568 quae
1185 2498 1307 2554 uocabu-

302 2605 360 2657 lum
380 2601 499 2672 Caesar]
511 2613 623 2656 secutae
641 2613 723 2656 sunt:
745 2589 818 2657 ἶόἓ
831 2612 925 2655 autem
943 2619 999 2654 non
1015 2604 1176 2655 consulatus
1193 2612 1243 2668 est,
1258 2602 1308 2655 sed

302 2693 406 2744 consul.
453 2692 490 2744 Et
512 2689 552 2745 sic
574 2691 656 2744 credo
679 2689 815 2743 Velleium
837 2689 998 2758 scripsisse:
1022 2696 1130 2743 secutus
1150 2689 1248 2743 deiude
1267 2695 1308 2742 est

302 2780 400 2832 consul
421 2779 449 2831 C.
472 2779 590 2831 Caesar:
621 2787 683 2845 post
706 2794 777 2846 quae
802 2778 889 2829 multo
911 2774 1092 2844 significatius
1113 2777 1236 2846 sequitur
1256 2778 1309 2844 qui

301 2867 433 2920 sm'benti
442 2881 558 2918 manum
571 2867 601 2917 in
605 2862 698 2933 [i]icit.

337 2967 400 3022 412
419 2952 465 3022 qui
486 2951 605 3021 denique
624 2968 733 3020 semper
752 2960 779 3004 et
798 2950 861 3004 cibo
880 2959 908 3004 et
930 2968 1028 3004 somno
1049 2951 1076 3004 in
1096 2950 1183 3005 uitam
1202 2969 1258 3004 non
1277 2951 1306 3004 in

301 3042 472 3109 uoluptatem
485 3048 606 3091 uteretur
619 3039 656 3090 A.

336 3137 363 3181 et
376 3143 475 3180 somno
487 3136 515 3179 et
528 3125 590 3179 cibo
602 3126 636 3178 P.

338 3214 451 3283 Optime
467 3211 643 3281 Kreyssigius
657 3212 788 3266 iudicauit
805 3213 940 3281 potiorem
958 3213 1083 3266 ordinem
1101 3231 1163 3267 esse
1176 3215 1222 3283 qui
1236 3213 1263 3268 in
1276 3215 1304 3268 A

302 3318 386 3371 quam
397 3301 443 3370 qui
453 3301 481 3353 in
491 3302 518 3352 P
528 3310 578 3367 est,
592 3300 683 3353 allatis
695 3299 754 3353 Liu.
768 3299 805 3352 iii.
815 3314 829 3352 2
841 3304 957 3369 corpora
966 3301 1023 3353 cibo
1030 3317 1178 3368 somnoque
1186 3308 1289 3356 curant
1299 3321 1306 3366 ;

302 3388 382 3442 xxxii.
396 3403 425 3441 11
436 3389 490 3440 cibi
500 3390 655 3456 quietisque
669 3393 790 3440 sumeret
801 3391 918 3456 tempus.
953 3388 1036 3440 Adde
1049 3387 1082 3440 ix.
1094 3401 1127 3455 37
1140 3393 1235 3441 curati
1250 3389 1307 3443 cibe

301 3480 417 3545 corpora
436 3477 525 3544 quieti
539 3475 617 3539 daut,
631 3476 698 3528 Tac.
713 3473 787 3527 Hist.
802 3473 838 3528 iii.
858 3489 890 3527 22
910 3477 1071 3543 recitemus
1087 3476 1143 3528 cibe
1158 3493 1307 3545 somnoque

293 3560 418 3616 uiribus.

337 3663 399 3718 413
418 3665 508 3717 neque
528 3665 651 3718 unquam
670 3657 719 3702 aut
738 3647 782 3700 die
802 3658 848 3700 aut
862 3658 945 3703 nocte
958 3688 983 3703 ..
1001 3657 1068 3702 ‚aut
1087 3665 1121 3701 ex
1138 3649 1307 3704 calcearetur

300 3748 348 3791 aut
361 3735 560 3803 discingeretur
572 3735 609 3788 A.

336 3833 383 3878 aut
396 3832 477 3877 nocte
491 3833 538 3876 aut
551 3821 596 3875 die
607 3823 643 3875 P.
