3010 4520
641 426 967 485 PROLEGOMENA
993 428 1000 445 ‘

300 599 352 649 aut
387 609 439 667 per
473 592 583 650 formas
608 569 779 651 ⁴litterarum
814 591 1122 668 compendiorumque
1153 592 1303 654 scribendi

301 695 427 757 difficilis
441 708 526 757 esset.

343 805 424 864 Inter
446 805 521 863 haec
542 804 670 865 maxime
691 805 822 865 notabile
843 805 916 865 illud
938 816 982 865 est
1004 807 1086 881 quod
1112 808 1240 865 Burerus
1264 807 1311 865 ad·

300 926 327 984 p.
347 928 391 981 24.
413 930 450 986 39
470 910 516 969 ed.
536 913 582 970 Pr.
603 911 759 971 adnotauit
775 917 809 971 ‘a
828 911 870 971 sic
890 910 1025 972 scribitur
1042 914 1101 984 cc’,
1120 922 1303 987 testaturque

299 1012 380 1073 idem
397 1014 444 1074 ‘in
459 1014 639 1091 quibusdam
658 1016 722 1077 aliis
741 1028 876 1076 ueterum
897 1016 1070 1077 codicibus’
1085 1016 1218 1076 inueniri.
1264 1019 1302 1077 Id

300 1139 390 1196 quarn
400 1141 504 1181 uerum
515 1121 552 1182 sit
563 1143 644 1182 nunc
659 1125 790 1197 demum,
807 1123 894 1184 editis
908 1143 961 1200 per
974 1134 1067 1183 artem
1077 1122 1301 1200 phototypicam

299 1236 344 1286 tot
372 1238 506 1287 ueterum
536 1230 613 1289 MSS
641 1229 781 1289 codicum
813 1228 1202 1306 imaginibus-'Chatelaini
1227 1250 1303 1307 opus

299 1331 440 1392 eximium
465 1333 604 1394 omnibus
626 1334 658 1394 in
681 1346 821 1412 promptu
846 1355 911 1396 esse
934 1335 1301 1412 confido—cognouimus.

300 1441 346 1498 Ex
364 1438 410 1499 his
426 1451 543 1500 constat
557 1461 576 1499 a
590 1441 743 1518 apertiore,
764 1461 855 1519 quam
873 1441 985 1514 dicunt,
1000 1443 1095 1502 forma
1113 1462 1166 1520 per
1182 1462 1210 1515 a,
1226 1462 1303 1519 quae

300 1565 362 1604 non
380 1548 469 1624 longe
488 1546 635 1624 discrepat
653 1568 723 1621 acc,
743 1547 775 1607 in
795 1550 873 1608 MSS
897 1547 1122 1625 antiquioribus,
1144 1549 1303 1626 praecipue

299 1671 375 1711 saec.
397 1651 506 1726 viii-xi,
528 1655 658 1716 effictam
682 1653 773 1714 fuisse
798 1653 988 1734 (Thompson
1015 1657 1108 1716 Greek
1129 1659 1193 1714 and
1209 1657 1303 1715 latin

299 1760 521 1836 Palaeograplry
539 1780 567 1837 p.
593 1765 658 1838 258,
677 1764 756 1822 Prou
775 1763 905 1821 Manuel
915 1765 948 1821 de
964 1763 1174 1839 Pale'ograplaie
1187 1782 1236 1839 pp.
1255 1765 1301 1838 76,

300 1867 347 1936 80,
369 1885 416 1941 93,
440 1866 483 1924 H.
505 1867 635 1926 Schenkl
657 1887 693 1925 au
717 1869 855 1929 Grattius
876 1870 939 1927 and
957 1870 1082 1927 anderen
1103 1870 1302 1927 Lateinrichrn

299 1971 442 2029 Dr'clrtern
462 1990 490 2047 p.
509 1969 590 2049 415).
635 1971 735 2032 Huius
753 1973 905 2049 specimen
920 1972 1187 2032 luculentissimum
1208 1973 1303 2032 edidit

300 2079 378 2135 Pron
403 2076 462 2136 tab.
487 2076 523 2149 iv,
540 2077 575 2153 p.
601 2094 645 2153 79.
691 2077 774 2136 Hinc
798 2077 916 2137 uidetur
937 2078 1146 2154 explicandum
1167 2078 1198 2138 id
1220 2080 1303 2155 quod

301 2181 516 2243 Amerbachius
531 2182 614 2242 dedit
628 2181 657 2242 ii.
676 2204 700 2242 2.
721 2204 733 2242 1
747 2185 913 2260 graacclrns,
930 2203 999 2243 cum
1013 2183 1094 2260 prius
1104 2185 1243 2261 gracchus
1256 2204 1303 2244 ex-

300 2299 409 2348 arasset
429 2289 482 2347 sed
501 2287 660 2348 deleuisset
678 2287 807 2348 incertus
827 2287 994 2364 scripturae.
1040 2290 1153 2348 Rursus
1172 2288 1233 2348 sie¹
1248 2308 1302 2365 pro

299 2395 347 2453 laic
362 2414 381 2452 a
401 2402 465 2470 toga
487 2395 573 2452 uirili
591 2395 725 2452 adsuetus
742 2396 905 2454 commilitio
921 2396 1033 2454 factum
1051 2393 1144 2455 estin
1159 2398 1211 2454 ΑΡ
1233 2397 1304 2454 hr'cce

300 2507 365 2576 toga
386 2497 462 2578 (roga
477 2498 519 2580 A)
539 2521 566 2559 n.
590 2520 617 2560 a.
640 2520 659 2558 c.
716 2503 755 2560 Et
775 2503 834 2561 hoc
855 2501 978 2577 quidem
999 2503 1067 2561 loco
1089 2501 1152 2578 ipse
1175 2504 1302 2562 Burerus

300 2616 423 2666 testatus
438 2617 482 2666 est
496 2608 542 2666 tric
554 2627 573 2665 a
588 2615 651 2683 toga
667 2627 698 2666 se
712 2607 743 2666 in
760 2607 952 2667 Murbacensi
965 2607 1078 2684 legisse.

342 2713 493 2774 Confusae
512 2724 580 2772 sunt
598 2733 619 2785 c,
637 2733 651 2772 e
671 2712 700 2772 ii.
726 2730 750 2788 7.
775 2734 792 2790 3
812 2713 864 2773 ubi
881 2734 951 2772 sane
965 2721 1025 2772 tram
1041 2713 1257 2774 Amerbachius
1272 2713 1302 2773 in

300 2828 429 2878 sanctum
444 2819 568 2879 correxit
578 2841 587 2892 ;
607 2839 706 2878 rursus
721 2840 749 2892 n,
767 2839 784 2878 o
802 2819 830 2879 ii.
853 2841 896 2896 19.
920 2841 932 2878 1
954 2807 1098 2878 contracta
1114 2823 1150 2893 A,
1170 2841 1225 2897 pro
1243 2841 1303 2880 con-

302 2933 410 3000 tracto;
429 2925 458 2984 ii.
475 2944 512 3003 45
528 2928 578 2984 fin.
595 2923 683 3001 effisa
699 2928 735 2998 A,
750 2925 883 2986 Velleius
897 2926 1005 3001 effusa3
1026 2946 1062 2998 m,
1079 2929 1119 2999 in,
1136 2928 1170 2984 ni
1186 2926 1203 2985 i.
1224 2948 1267 3001 14.
1287 2944 1302 3002 7
1382 3008 1384 3012 Ι

294 3033 435 3108 paestnni
454 3051 596 3108 suprascr.
612 3039 747 3107 paesium
765 3035 801 3104 A,
816 3031 834 3090 i.
855 3053 880 3108 9.
904 3053 919 3090 2
936 3033 1081 3109 primores
1099 3035 1135 3105 A,
1150 3035 1304 3108 proniores

301 3137 433 3197 Velleius
441 3160 452 3213 7
478 3158 533 3210 rm,
560 3157 601 3195 nn
625 3137 642 3196 i.
671 3154 714 3214 15.
741 3158 754 3195 1
778 3137 831 3197 ubi
852 3139 944 3196 armis
964 3136 1044 3214 prius
1066 3137 1181 3214 scripsit
1202 3142 1304 3199 Amer-

187 3259 190 3268 '
301 3241 433 3315 bachius
450 3263 519 3302 mox
534 3244 633 3302 deleto
647 3262 684 3302 eo
698 3244 792 3302 annr's.

344 3369 371 3422 n,
396 3350 428 3408 ri
448 3348 476 3408 ii.
504 3367 551 3426 45.
578 3370 594 3426 3
618 3350 737 3408 interita
761 3351 797 3421 A,
821 3351 933 3409 intenta
950 3349 1083 3409 Velleius
1093 3373 1102 3423 3
1127 3371 1155 3424 n,
1176 3352 1203 3409 n'
1218 3368 1263 3427 75.
1286 3371 1300 3408 2

301 3456 453 3532 expectatis
461 3474 602 3531 suprascr.
613 3463 761 3532 expectans
770 3458 807 3528 A,
817 3457 982 3533 exspectatis
990 3455 1122 3516 Velleius
1133 3478 1142 3529 ;
1158 3477 1186 3528 n,
1197 3477 1215 3513 r
1226 3459 1272 3532 96.
1285 3477 1302 3533 3

301 3563 521 3622 Pannoniarum
556 3581 698 3638 suprascr.
735 3563 970 3622 Pannonicorum
1006 3565 1043 3634 A,
1078 3562 1302 3621 Pannoniorum

303 3666 434 3728 Velleius
445 3689 454 3741 3
477 3670 504 3740 d,
528 3669 544 3725 b
565 3666 593 3727 ii.
619 3689 633 3726 2
656 3669 706 3726 fin.
729 3669 886 3745 adrogauit
905 3670 933 3726 A
952 3678 981 3727 et
999 3670 1135 3740 Burerus,
1151 3669 1306 3745 abrogauit

499 3822 507 3850 ¹
526 3823 590 3872 Nam
602 3839 635 3871 ex
647 3823 685 3870 hic
694 3840 710 3872 a
721 3830 779 3886 toga
790 3822 885 3874 sactum
896 3830 936 3871 est
947 3823 985 3870 hic
994 3837 1017 3870 cr
1028 3826 1090 3884 toga.

784 3929 820 3960 xx

1491 431 1494 602 l
