3024 4568
415 431 461 489 IN
484 432 705 489 VELLEIVM
728 432 1016 493 PATERCVLVM

211 602 238 649 et
250 598 402 666 proximus
420 617 437 652 a
457 599 505 653 Cn.
523 601 656 668 Pompeio
673 601 789 669 ipseque
810 601 927 653 Caesare
948 601 1084 669 equestris
1106 599 1216 651 ordinis

211 685 310 738 consul
315 691 424 738 creatus
431 703 486 740 esse
498 705 504 740 ε
527 687 585 740 128.
598 688 674 755 2qui
680 689 804 755 equestri
812 688 869 740 loco
881 693 981 739 nalum
993 688 1041 756 Sp.
1053 687 1215 740 Caruilium

211 777 239 824 et
249 789 316 824 mox
326 773 369 826 M.
386 774 527 842 Catonem,
542 791 648 827 nouum
661 776 745 827 etiam
764 776 790 827 T
787 775 883 828 asculo
896 815 902 828 .
917 814 924 828 .
938 777 1117 843 ,praetexere

246 859 328 912 Libet
341 859 386 912 hic
399 877 540 930 apponere
559 862 645 914 uerba
659 861 784 914 Eduardi
797 863 831 914 A.
843 861 982 914 Freeman
997 859 1086 928 (Hist.
1098 861 1214 928 Essays,

211 947 267 999 and
281 945 384 1014 SerieS,
397 964 425 1016 p.
438 946 501 1016 327)
515 965 521 1002 :
549 947 673 1002 ‘Marius
686 965 744 1001 was
756 949 793 1016 by
806 948 879 1002 birth
897 965 914 1001 a
931 965 997 1001 man
1014 947 1046 1001 of
1055 948 1102 1000 the
1115 947 1215 1017 people

211 1034 239 1087 in
259 1034 306 1087 the
324 1034 387 1087 best
402 1051 501 1098 sense;
528 1035 563 1088 he
584 1052 688 1103 sprang
708 1035 817 1088 neither
834 1036 904 1088 from
924 1035 971 1088 the
989 1034 1079 1103 proud
1097 1013 1215 1100 nobiiity

180 1146 182 1151 ·
211 1138 263 1174 nor
281 1131 327 1189 yet
344 1121 416 1174 from
434 1122 482 1174 the
498 1123 623 1190 mongrel
640 1123 774 1191 populace
799 1121 830 1175 of
845 1123 893 1175 the
912 1123 1023 1174 Forum.
1063 1123 1109 1174 He
1127 1137 1216 1178 wasa

211 1208 356 1276 yeoman’s
369 1225 420 1261 son
434 1207 462 1261 in
483 1209 530 1262 the
546 1209 674 1276 territory
687 1209 719 1262 of
729 1209 776 1262 the
789 1207 920 1262 Volscian
940 1218 1014 1262 town
1028 1208 1059 1260 of
1067 1206 1216 1276 Arpinum,

211 1297 304 1350 whose
324 1295 435 1349 citizens
454 1295 510 1348 had
529 1296 600 1349 been
619 1295 756 1350 admitted
775 1306 803 1350 to
816 1298 864 1349 the
881 1295 930 1348 full
948 1297 1060 1348 Roman
1077 1293 1216 1348 franchise

211 1383 278 1450 only
290 1382 375 1450 thirty
387 1399 468 1450 years
483 1383 576 1436 before
595 1382 639 1436 his
658 1383 732 1436 birth
741 1384 763 1437 ’:
790 1393 818 1436 et
837 1383 916 1447 infra,
930 1384 1022 1437 ‘Such
1035 1399 1052 1434 a
1066 1399 1132 1435 man
1152 1398 1216 1448 may

194 1491 196 1497 ’
212 1486 281 1534 even
295 1470 367 1522 have
387 1470 506 1523 reached
525 1470 573 1524 the
588 1469 746 1538 equestrian
766 1476 987 1524 census—natus
1006 1470 1130 1538 equestri
1149 1469 1216 1534 leco,

212 1573 276 1624 says
289 1556 421 1622 Velleius,
435 1556 525 1610 which
539 1555 559 1609 it
572 1556 595 1610 is
609 1558 764 1624 dangerous
778 1566 806 1610 to
819 1558 925 1625 change
938 1556 998 1610 into
1011 1556 1131 1625 agresti?

247 1659 279 1710 13
293 1657 309 1694 2
327 1653 357 1696 ut
370 1642 523 1696 minoribus
536 1643 675 1712 perceptis
688 1643 795 1696 maiora
808 1643 979 1713 permitteret
991 1643 1058 1698 ΑΡ.

249 1731 340 1783 Immo
362 1733 529 1785 remitteret:
560 1731 680 1798 Legibus
700 1730 786 1784 Drusi
809 1730 963 1784 inescanda
981 1730 1078 1800 plebes
1103 1739 1162 1783 erat
1187 1739 1217 1782 ut

212 1816 366 1871 minoribus
379 1817 516 1886 perceptis
532 1817 695 1884 commodis,
710 1818 752 1871 his
766 1827 896 1871 contenta
911 1817 1014 1870 sineret
1025 1834 1098 1886 quae
1110 1816 1217 1870 maiora

212 1915 300 1958 erant.
339 1905 372 1958 ld
385 1923 442 1958 non
456 1905 617 1973 intellegens
632 1914 753 1970 senatus,
768 1907 862 1958 Druso
875 1905 1082 1958 aduersabatur.

248 2008 280 2059 13
294 2007 309 2060 3
330 1991 450 2061 denique
460 2010 477 2045 a
489 1991 534 2060 (ea
546 1992 583 2060 P)
598 1993 708 2046 fortuna
722 1991 807 2045 Drusi
821 1991 872 2044 suit
882 2002 912 2044 ut
926 1991 1086 2044 malefacta
1098 1991 1217 2058 collega·

212 2095 274 2132 rum
296 2079 424 2148 quamuis
448 2078 544 2148 (quarn
566 2077 625 2133 eius
644 2078 681 2146 P)
702 2078 807 2147 optime
825 2078 862 2131 ab
882 2078 943 2148 ipso
963 2077 1084 2146 cogitata
1104 2087 1217 2131 senatus

213 2168 344 2235 probaret
358 2167 449 2234 magis
462 2167 526 2220 ΑΡ.

247 2256 381 2323 quamuis
408 2254 483 2324 quod
514 2255 599 2308 habet
624 2253 652 2306 A
683 2271 779 2307 uerum
808 2254 896 2320 duc03
926 2271 978 2308 nec
1006 2252 1160 2323 quidquam
1189 2251 1218 2306 in

213 2341 351 2395 sententia
373 2340 555 2410 deprauatum
576 2351 619 2396 est
637 2340 721 2394 modo
739 2342 870 2411 cogitate}
888 2340 995 2394 scribas
1013 2357 1064 2409 pro
1083 2358 1117 2394 eo
1142 2339 1217 2408 quod

213 2430 317 2483 habent
329 2431 388 2482 ΑΡ
399 2432 538 2499 cogitata:
558 2446 643 2482 causa
661 2428 731 2495 uitii,
748 2446 811 2481 cum
829 2427 1026 2498 praecessisset
1041 2428 1115 2480 nznle
1123 2427 1216 2495 facta,

212 2515 352 2570 ablatiuus
366 2514 394 2568 in
407 2516 599 2570 accusatiuum
612 2515 730 2568 similem
745 2515 888 2585 (regelata)
901 2525 1035 2568 attractus
1049 2523 1098 2567 est.

248 2619 280 2672 14
295 2618 310 2671 3
330 2603 353 2656 si
367 2603 435 2672 quid
448 2603 516 2656 artis
530 2602 557 2655 in
571 2613 598 2656 te
612 2612 654 2656 est
667 2603 694 2655 Α
704 2604 799 2671 prius.

251 2689 347 2744 Potest
372 2692 426 2744 hoc
447 2708 544 2744 uerum
566 2707 637 2756 esse,
657 2697 750 2757 utpote
775 2688 885 2758 planius
905 2687 1113 2758 simpliciusque
1132 2703 1217 2755 quam

214 2777 289 2847 quod
302 2788 344 2831 est
357 2777 385 2831 in
397 2780 424 2831 P
436 2781 463 2831 si
473 2778 546 2846 quid
555 2779 586 2828 in
599 2783 626 2829 te
638 2778 711 2828 arlt's·
722 2782 769 2829 est.

250 2867 313 2930 164
333 2875 415 2934 caput
436 2864 542 2934 imperii
563 2863 605 2917 sui
625 2863 777 2917 Corfinium
797 2865 948 2932 legerantq.
969 2862 1123 2932 apellarent
1144 2860 1217 2914 Itali-

214 2969 277 3004 cam
289 2953 328 3006 Α.

249 3039 430 3109 legeruntque
451 3038 578 3093 ltalicani
592 3040 634 3094 P:
657 3038 783 3107 legerant
802 3038 878 3108 quod
897 3037 1070 3106 appellarent
1090 3035 1218 3088 Italicum

214 3127 317 3179 Burer.

251 3213 379 3267 Proxime
392 3213 429 3266 ad
444 3230 540 3266 uerum
558 3212 675 3266 accessit
688 3212 734 3265 A:
755 3228 819 3264 cum
837 3211 911 3265 enim
924 3211 1055 3264 Italicam
1075 3209 1219 3262 confirmet

214 3300 296 3354 lectio
321 3302 347 3354 P
374 3301 517 3366 Italicam,
543 3300 721 3368 appellarent
748 3308 842 3352 autern
870 3309 925 3352 tres
952 3308 1037 3352 testes
1059 3297 1151 3363 APB,
1175 3295 1220 3349 uix

215 3387 311 3440 dubito
324 3404 349 3456 q.
359 3386 387 3440 in
400 3404 485 3456 quam
498 3387 640 3454 refingere‚
657 3387 783 3454 legerant
794 3402 879 3454 quam
892 3385 1069 3453 appellarent
1080 3384 1219 3436 Italicam.

218 3477 322 3527 Burero
341 3483 435 3527 tamen
453 3474 602 3526 obsecutus
622 3472 660 3525 ita
672 3473 762 3526 locum
781 3470 856 3525 edidi
877 3480 907 3524 ut
926 3471 971 3524 ille
991 3471 1019 3524 in
1039 3467 1220 3523 Murbacensi

216 3560 326 3614 uidetur
338 3560 447 3628 legisse,
461 3560 538 3627 quod
546 3559 730 3628 appellarent.

252 3661 318 3717 254
337 3647 428 3716 posuit
450 3646 596 3700 uictoriam
613 3663 670 3716 qua
687 3646 964 3700 demendesmontem
987 3645 1007 3698 ti
1027 3644 1084 3697 sata
1104 3661 1169 3697 cum
1189 3644 1218 3696 C.

218 3736 354 3788 Norbano
374 3744 551 3788 concurrerat
574 3734 652 3802 Sylla
674 3721 761 3801 gratis
784 3733 895 3786 Dianae
913 3732 991 3786 cuius
1010 3729 1116 3786 nomini
1134 3729 1220 3799 raegio

218 3823 264 3876 illa
278 3831 386 3877 sacrata
399 3830 441 3876 est
455 3821 543 3876 soluit.
556 3821 594 3875 A.

699 3932 741 3982 151
