3024 4568
411 440 458 500 IN
479 439 700 498 VELLEIVM
723 440 1012 501 PATERCVLVM

209 605 314 675 grauis
330 606 388 658 iam
405 610 496 659 aetate
512 611 540 658 et
556 608 669 674 corpore
684 622 747 658 cum
765 622 889 659 essenon
901 610 1003 677 posset,
1017 607 1106 660 Burer
1120 614 1214 660 autem

213 710 270 747 non
293 711 364 762 cum,
387 693 437 748 sed
460 711 546 748 comes
569 703 696 749 autumat
714 693 741 748 in
759 693 939 750 Murbacensi
959 694 1051 749 luisse.
1096 693 1215 750 Videtur

213 797 372 834 comestum
391 779 471 852 es[se]
485 780 617 851 scriptum
629 780 713 837 tuisse
726 801 745 836 a
754 780 859 836 Velleio
871 801 878 848 ;
897 783 951 836 hoc
961 799 1024 835 cum
1033 798 1083 851 per
1092 799 1214 836 errorem

535 880 585 908 Cum

214 915 253 971 sic
272 916 403 987 scriptum
423 928 497 972 esset
516 936 603 972 comes
619 936 681 986 esse,
695 917 810 973 Amerb.
829 929 856 973 et
869 920 1024 974 Rhenanus
1043 936 1113 986 ciem,
1126 920 1216 972 Burer

212 1021 299 1058 comes
310 1005 401 1074 potius
416 1005 443 1059 id
456 1005 649 1075 interpretatus
661 1015 712 1060 est.

248 1093 308 1146 812
329 1108 369 1142 *e
389 1091 475 1147 relicti
493 1103 572 1147 erant
591 1092 693 1163 publici
714 1110 764 1162 pro
783 1091 827 1148 his
849 1093 931 1160 longe
950 1091 1091 1147 uberiores
1109 1089 1215 1146 reditus

213 1178 355 1234 duodeties
377 1179 495 1234 sestertii
513 1180 540 1234 in
561 1183 662 1235 Craeta
687 1179 776 1236 insula
801 1179 902 1235 redditi
927 1191 954 1235 et
978 1198 1054 1251 aqua
1076 1178 1215 1250 promissa

212 1283 285 1336 quae
307 1266 444 1337 hodieque
468 1267 606 1338 singulare
630 1278 657 1323 et
683 1267 851 1324 salubritatis
877 1267 964 1323 instar
987 1279 1014 1323 et
1038 1265 1214 1322 amoenitatis

211 1365 407 1409 omamentum
420 1366 471 1409 est.
483 1357 522 1410 Α.

249 1442 333 1511 Quod
352 1443 437 1496 habet
449 1443 477 1496 Α
497 1444 620 1496 sestertii
636 1443 805 1497 seruandum
824 1459 934 1510 censeo,
950 1452 979 1496 ut
998 1444 1121 1496 sestertii
1136 1440 1213 1510 geni·

211 1526 284 1582 tiuus
296 1528 331 1583 sit
344 1528 434 1582 neutri
446 1529 521 1599 quod
533 1540 575 1583 est
594 1532 759 1583 sestertium.
796 1529 856 1583 Liu.
868 1530 921 1582 xlv.
933 1544 952 1595 4
963 1532 1076 1600 argenti
1086 1529 1126 1582 ad
1138 1546 1212 1582 sum-

213 1634 287 1669 mam
305 1620 427 1671 sestertii
441 1618 548 1672 deciens
565 1620 596 1670 in
614 1620 759 1672 aerarium
777 1619 904 1685 rettulit3
928 1618 986 1671 Cic.
1000 1616 1070 1671 Phil.
1084 1617 1110 1670 ii.
1124 1630 1165 1684 37.
1178 1628 1212 1685 95

212 1705 375 1773 syngrapha
393 1707 514 1759 sestertii
532 1707 668 1772 centiens;
687 1707 754 1759 Tac.
767 1706 841 1759 Ann.
854 1703 897 1758 xii.
911 1705 944 1774 58
957 1705 1077 1758 centiens
1094 1706 1217 1758 sestertii

212 1790 364 1860 largitione
378 1790 489 1861 (Zumpt
502 1793 548 1846 Gr.
564 1792 578 1858 §
594 1786 665 1859 8¹73).

247 1879 342 1930 instar
353 1876 376 1932 si
394 1888 468 1932 recte
486 1877 619 1932 traditum
638 1886 681 1932 est
696 1875 772 1946 (nam
785 1878 862 1947 quod
881 1894 932 1947 pro
950 1895 983 1932 eo
1003 1894 1036 1930 ex
1055 1875 1214 1931 coniectura

212 1964 318 2023 editum
339 1976 382 2021 est
400 1970 618 2020 instrumentum
638 1967 721 2020 ualde
743 1965 890 2035 displicet),
909 1983 966 2020 uon
987 1964 1038 2020 erit
1058 1966 1149 2036 ‘quod
1171 1964 1214 2018 in·

212 2054 333 2119 staurat‚’
347 2071 430 2123 quem
444 2052 627 2122 significatum
640 2051 782 2107 Acidalius
800 2070 834 2106 ex
847 2051 926 2107 Pauli
943 2051 1034 2106 uerbis
1046 2052 1216 2105 Instaurant

212 2142 246 2194 ab
258 2129 351 2194 instar
361 2143 466 2195 dictum
480 2160 541 2196 cum
554 2142 668 2210 ule'quid
676 2141 878 2212 adprt'stinam
895 2142 1111 2195 similitudinem
1124 2142 1212 2211 refici-

211 2236 262 2284 tur
281 2247 428 2300 perperam
452 2229 551 2295 elicuit,
575 2228 734 2300 recepitque
758 2229 849 2284 editor
873 2230 917 2284 ed.
943 2231 1045 2299 Delph.
1072 2231 1213 2284 Rohertus

213 2317 324 2386 Riguez,
338 2334 405 2370 nam
417 2317 493 2370 nulla
506 2327 598 2386 potest
611 2315 656 2370 hic
668 2315 809 2371 reficiendi
829 2317 944 2371 subesse
957 2315 1043 2382 notio,
1055 2318 1106 2371 sed
1118 2317 1214 2386 μέτρον

212 2402 270 2458 siue
292 2404 392 2457 modus
415 2421 569 2471 mensurae,
591 2405 652 2457 h.e.
672 2405 845 2486 summaluel
867 2403 956 2475 copia,
975 2414 1004 2458 ut
1023 2421 1075 2458 nos
1094 2403 1213 2458 dicimus

212 2490 360 2559 ‘amount'
392 2490 486 2546 ‘sum’
526 2489 572 2545 Sic
608 2503 650 2558 29.
682 2505 698 2544 2
729 2492 883 2545 multorum
913 2492 1090 2564 uoluminum
1119 2493 1215 2544 instar
1271 2545 1276 2556 ,

210 2580 305 2649 exegit.

246 2667 309 2718 821
331 2682 385 2734 qua
403 2674 510 2718 aestate
530 2665 636 2718 Caesar
653 2672 711 2718 tam
730 2681 861 2733 prospere
881 2662 990 2717 Libium
1010 2661 1037 2717 in
1056 2661 1149 2718 Sicilia
1168 2665 1211 2716 Βῆ

210 2752 321 2805 fortuna
345 2752 374 2806 in
400 2754 519 2806 Caesare
544 2762 571 2805 et
596 2750 623 2804 in
648 2769 706 2832 rep.
729 2750 857 2805 militauit
883 2752 920 2804 ad
946 2750 1088 2805 Orientem
1110 2749 1213 2821 quippe

210 2838 347 2893 Antonius
369 2857 433 2892 curn
454 2836 524 2894 iffi.
543 2837 698 2907 legionibus
719 2855 845 2907 egressus
866 2837 1029 2892 Armeniam
1054 2855 1088 2892 ac
1112 2836 1213 2892 deinde

212 2925 336 2980 Mediam
347 2937 374 2981 et
387 2945 438 2998 per
455 2945 503 2983 eas
520 2926 648 2997 regiones
659 2928 777 2981 Parthos
790 2936 888 2996 petens
902 2925 998 2981 habuit
1008 2943 1102 2995 regem
1115 2943 1212 2980 eorum

210 3014 382 3070 obuiumA.

246 3104 350 3158 Br'rA:
369 3105 489 3158 beneP.

244 3191 359 3245 Libium
381 3208 445 3245 cum
464 3190 509 3245 uix
527 3189 614 3261 possit
632 3192 669 3245 ad
683 3188 845 3257 Lilybaeum
865 3188 967 3254 referri,
980 3207 1046 3244 nam
1064 3206 1117 3243 nec
1137 3188 1212 3258 quod

210 3276 356 3346 Appianus
394 3289 487 3331 narrat
518 3295 535 3331 a
565 3280 628 3332 Sex.
664 3275 799 3346 Pompeio
831 3275 976 3330 Plennium
1015 3275 1043 3327 ἐν
1080 3275 1213 3348 Λιλυβαίῳ

210 3363 368 3433 oppositum
391 3363 496 3434 Lepido
518 3363 564 3434 (B.
584 3367 616 3419 C.
632 3383 657 3417 v.
675 3364 730 3433 97),
750 3373 777 3418 et
800 3363 865 3417 inde
887 3381 949 3418 cum
972 3374 1035 3418 octo
1057 3361 1211 3431 legionibus

209 3449 328 3504 accitum
348 3451 431 3520 (122),
451 3470 503 3506 nec
520 3453 597 3522 quod
616 3450 672 3505 Dio
690 3450 774 3506 tradit
791 3454 864 3519 49.8
885 3450 1020 3520 Lepidum
1043 3449 1115 3504 circa
1137 3449 1212 3519 Lily-

209 3539 311 3591 baeum
335 3550 474 3593 moratum
500 3556 562 3594 esse
587 3549 739 3609 antequam
765 3537 919 3593 Octauiano
945 3556 974 3592 se
1000 3537 1133 3606 iungeret,
1155 3539 1212 3591 ullo

209 3625 295 3679 modo
318 3636 381 3680 sunt
404 3623 474 3680 tanti
495 3633 526 3680 ut
549 3625 621 3680 circa
641 3627 715 3680 hunc
736 3626 827 3679 locum
853 3625 968 3679 uictoria
989 3623 1137 3679 Octauiani
1158 3623 1213 3679 dici

209 3711 328 3781 potuerit
348 3713 473 3778 stetisse;
496 3714 660 3767 Naulochos
678 3711 761 3781 enim,
781 3711 828 3766 ubi
847 3711 943 3767 classis
962 3713 1024 3766 Sex.
1045 3711 1161 3782 Pompei
1173 3705 1211 3766 ad

209 3798 335 3853 ultimum
361 3798 471 3854 deuicta
495 3810 545 3866 est,
567 3798 730 3868 longissimo
756 3797 900 3854 interuallo
923 3799 1004 3854 abest
1023 3816 1040 3853 a
1059 3798 1210 3868 Lilybaeo;

685 3914 732 3981 169
