2996 4520
620 420 749 479 LIBER
771 421 804 479 II

213 591 323 653 deinde
336 592 417 653 bello
431 593 574 653 lacessere
593 594 745 666 auderent,
761 591 878 670 utrique
895 612 1013 652 summo
1032 589 1209 668 imperatori,

212 689 295 749 alteri
314 689 470 766 superstiti,
487 689 605 750 meritas
624 710 736 767 poenas
757 691 837 750 luere
859 688 1018 766 suppliciis.
1062 708 1210 765 nusquam
1226 714 1237 746 2

212 800 273 849 erat
301 788 462 865 Pompeius
495 809 626 866 corpore,
655 791 754 849 adhuc
786 789 898 867 ubique
930 781 1051 848 uiuebat
1078 788 1209 848 nomine.

212 887 323 965 quippe
345 887 449 964 ingens
461 887 598 964 partium
618 887 681 947 eius
702 887 917 947 fauorbellum
939 887 1116 947 excitauerat
1137 885 1212 945 Afri-

182 1004 195 1054 5
212 1005 289 1057 cum,
310 985 393 1062 quod
414 984 511 1044 ciebat
532 1005 582 1044 rex
603 985 681 1044 Iuba
701 995 730 1044 et
752 983 860 1060 Scipio,
883 983 928 1044 uir
948 983 1119 1056 consularis,
1141 994 1211 1043 ante

212 1079 365 1140 biennium
378 1101 467 1158 quam
482 1080 715 1158 exstingueretur
724 1081 894 1156 Pompeius
910 1082 1003 1141 lectus
1018 1081 1057 1140 ab
1068 1101 1105 1140 eo
1117 1100 1209 1155 socer,
1226 1109 1239 1155 5

211 1200 374 1258 eorumque
393 1180 493 1258 copias
513 1192 631 1241 auxerat
652 1185 693 1241 M.
711 1184 796 1254 Cat0,
814 1180 927 1259 ingenti
948 1200 1017 1239 cum
1038 1179 1211 1240 difficultate

210 1277 348 1337 itinerum
370 1280 563 1356 locorumque
587 1278 689 1356 inopia
712 1278 862 1357 perductis
886 1280 926 1338 ad
950 1297 1002 1337 eos
1024 1276 1210 1354 legionibus:

210 1375 262 1452 qui
283 1375 328 1435 uir
349 1397 418 1436 cum
440 1397 590 1436 summum
612 1377 640 1437 ei
660 1398 678 1438 a
699 1377 840 1437 militibus
862 1379 1023 1438 deferretur
1043 1375 1217 1453 imperium·

167 1491 198 1526 ro
210 1473 392 1533 honoratiori
406 1493 508 1550 parere
522 1473 632 1533 maluit.

251 1571 405 1629 Admonet
423 1569 585 1647 promissae
604 1570 756 1631 breuitatis
770 1573 853 1644 fides,
869 1581 982 1647 quanto
1002 1568 1103 1628 omnia
1120 1580 1211 1629 trans·
1222 1585 1260 1645 55

210 1685 298 1725 cursu
326 1665 455 1726 dicenda
481 1665 547 1726 sint.
591 1687 719 1744 sequens
746 1670 895 1727 fortunam
928 1686 1012 1726 suam
1041 1667 1151 1726 Caesar
1178 1677 1210 1725 ut

209 1774 367 1838 peruectus
385 1763 416 1821 in
431 1762 561 1822 Africam
578 1774 631 1836 est,
647 1783 737 1840 quam
757 1763 856 1823 occiso
871 1761 1011 1834 Curione,
1028 1761 1209 1822 Iulianarum

211 1860 287 1919 duce
311 1859 447 1936 partium,
472 1860 647 1936 Pompeiani
671 1860 847 1920 obtinebant
871 1859 1023 1932 exercitus,
1047 1859 1089 1918 ibi
1113 1859 1209 1936 primo

168 1973 195 2022 15
209 1956 291 2017 uaria
317 1959 442 2030 fortuna,
473 1977 542 2016 mox
568 1956 712 2034 pugnauit
742 1977 804 2031 sua,
833 1956 1050 2033 inclinataeque
1077 1955 1209 2015 hostium

209 2053 330 2129 copiae:
352 2073 408 2113 nec
430 2053 579 2113 dissimilis
600 2053 642 2113 ibi
662 2055 804 2114 aduersus
826 2053 921 2113 uictos
939 2073 1029 2131 quam
1048 2053 1079 2113 in
1098 2052 1236 2131 priores2

209 2149 367 2210 clementia
387 2150 521 2212 Caesaris
542 2151 604 2211 fuit.
648 2150 793 2211 uictorem
812 2150 943 2210 Africani
962 2150 1033 2210 belli
1051 2152 1208 2211 Caesarem

208 2247 325 2325 grauius
348 2248 462 2326 excepit
485 2248 686 2326 Hispaniense
701 2247 783 2329 (nam
805 2247 901 2308 uictus
922 2249 961 2308 ab
982 2268 1019 2308 eo
1041 2249 1208 2309 Pharnaces

206 2345 257 2404 uix
277 2345 442 2423 quidquam
463 2345 571 2422 gloriae
592 2345 655 2405 eius
676 2344 840 2424 adstruxit),
856 2347 939 2422 quod
960 2345 1015 2406 Cn.
1037 2345 1206 2423 Pompeius,

164 2465 195 2500 20
209 2442 312 2519 Magni
337 2442 422 2516 filius,
444 2444 619 2503 adulescens
640 2443 768 2520 impetus
788 2445 828 2502 ad
853 2443 930 2503 bella
951 2441 1080 2514 maximi,
1103 2442 1206 2519 ingens

207 2559 242 2599 ac
270 2539 398 2599 terribile
425 2542 614 2613 conflauerat,
641 2540 774 2617 undique
801 2541 840 2599 ad
868 2560 937 2599 eum
965 2541 1064 2598 adhuc
1092 2539 1206 2616 paterni

207 2636 337 2696 nominis
359 2636 594 2714 magnitudinem
619 2637 807 2715 sequentium
829 2658 865 2697 ex
886 2648 950 2697 toto
971 2638 1044 2697 orbe
1065 2647 1205 2696 terrarum

207 2733 321 2792 auxiliis
343 2733 570 2793 confluentibus
614 2753 667 2792 sua
688 2736 846 2795 Caesarem
868 2733 898 2792 in
917 2733 1095 2810 Hispaniam
1117 2723 1232 2802 comi-3

208 2840 268 2888 tata
284 2832 402 2889 fortuna
420 2841 473 2902 est,
489 2832 543 2890 sed
562 2832 677 2889 nullum
696 2850 840 2908 umquam
859 2829 987 2890 atrocius
1004 2829 1208 2906 periculosius-

165 2955 176 2988 2
180 2955 193 3003 5
208 2948 266 3005 que
281 2929 319 2988 ab
334 2948 370 2988 eo
384 2928 491 2989 initum
505 2928 660 3006 proelium,
676 2930 753 2989 adeo
768 2930 880 3005 utplus
896 2948 986 3006 quarn
1001 2927 1094 2987 dubio
1110 2931 1207 2987 Marte

208 3025 402 3085 descenderet
426 3045 505 3103 equo
529 3025 755 3104 consistensque
778 3037 848 3085 ante
872 3026 1060 3086 recedentem
1086 3045 1207 3084 suorum

243 3197 254 3229 1
267 3197 365 3229 summo
375 3181 523 3244 imperatori
534 3182 653 3232 Cludius:
671 3199 771 3232 summo
783 3184 965 3244 imperatorum
972 3181 1038 3232 AP:
1051 3197 1206 3231 summorum

208 3247 350 3294 Mommsen
456 3262 472 3293 2
488 3253 544 3295 ante
561 3247 634 3296 alteri
651 3249 752 3310 Lipsius
768 3250 894 3311 supplebat
909 3248 983 3296 alteri
1003 3255 1113 3307 mortuo,
1133 3248 1210 3296 Orelli

208 3318 308 3360 mortuo
319 3312 394 3360 alteri
482 3328 498 3373 3
515 3313 618 3361 uiuebat
638 3312 754 3375 Lipsius:
771 3315 845 3362 iubae
862 3321 981 3376 suprascr.
995 3313 1055 3360 uiuo
1066 3313 1111 3360 A:
1129 3313 1206 3362 lubae

207 3378 245 3427 P:
259 3378 405 3425 uocabulum
415 3377 460 3426 dcl.
468 3378 581 3426 Scriner:
583 3378 644 3439 sort.
655 3383 729 3427 uiuos
779 3379 922 3428 6ext.AP
971 3377 1207 3428 socerBArsacer

208 3443 235 3490 Ρ
298 3444 314 3490 8
326 3443 503 3506 locorumque]
518 3459 693 3505 aquarumque
705 3445 889 3508 Raphelengrus
946 3460 963 3505 9
980 3460 995 3491 a
1008 3444 1128 3491 militibus
1141 3444 1203 3494 BA:

207 3509 317 3556 ambitus
333 3508 360 3555 P
457 3524 487 3556 ro
504 3524 595 3570 parere
607 3510 701 3560 Bunr:
719 3525 810 3571 parare
821 3509 860 3558 P:
878 3511 961 3571 parari
973 3509 1017 3558 A:
1034 3510 1119 3570 pareri
1133 3510 1210 3558 Orelli

209 3589 236 3622 11
254 3572 393 3635 quandoA
454 3574 591 3622 12suntA
659 3582 686 3623 ut
698 3582 834 3637 peruectus
856 3575 981 3636 smpsicfi
993 3589 1061 3635 5o.a
1110 3575 1136 3622 in
1150 3590 1206 3636 per-

207 3646 296 3687 uectus
305 3638 330 3685 A
341 3657 346 3689 :
359 3648 497 3700 peruectus
506 3639 532 3686 P
581 3656 611 3701 13
623 3648 663 3688 est
672 3641 763 3689 Onlli:
775 3639 832 3688 etA
845 3657 850 3688 :
863 3656 913 3690 om.
922 3639 948 3687 P
975 3639 1033 3688 Vide
1040 3639 1136 3689 Comm.
1148 3640 1206 3689 Cn't.

208 3718 238 3765 15
254 3705 364 3764 fortuna,
374 3720 434 3753 mox
445 3720 469 3766 p.
479 3720 525 3754 sua
536 3704 666 3753 Acidalius
680 3712 703 3754 et
714 3707 829 3768 Lipsius:
847 3706 974 3754 fortunam
991 3704 1152 3767 expugnauit
1166 3707 1207 3753 uia

205 3769 260 3818 ΑΡ
366 3785 394 3831 17
411 3770 491 3819 Africi
506 3770 601 3833 Novak,
615 3772 693 3833 cs.54.
707 3787 730 3833 α,
744 3785 783 3832 55.
798 3786 821 3831 a,
836 3786 918 3833 129.4
991 3772 1020 3822 C.
1034 3769 1210 3820 CaesaremP

206 3851 238 3897 23
255 3837 374 3885 comitata
384 3842 426 3884 est
436 3836 539 3885 fortuna
550 3845 590 3886 est
601 3837 626 3884 Α
641 3837 652 3902 l
671 3838 709 3902 '):
727 3853 791 3885 num
803 3852 823 3886 c.
838 3844 877 3886 est
889 3837 1005 3888 fortunat

691 3926 722 3979 73
