3024 4568
415 415 461 511 ru
483 397 705 474 1111111111
728 417 1017 477 Pnruucvnvu

209 581 368 651 resistance,
381 584 418 637 all
438 585 499 639 that
517 587 661 655 Augustus
680 586 762 640 could
781 585 900 640 succeed
919 584 947 639 in
963 583 1094 658 effecting
1107 602 1163 639 was
1181 595 1210 639 to

208 670 245 724 be
257 671 319 726 able
332 681 362 724 to
373 672 441 726 hold
454 672 500 726 the
514 672 676 742 consulship
688 673 730 727 lor
742 683 791 727 not
804 690 881 728 more
894 674 963 726 tltan
976 672 1078 748 elevent
1086 671 1184 726 times?

245 759 343 828 ltaque
360 776 442 827 quern
462 759 489 813 in
507 763 560 829 qui
576 771 662 828 mutu,
677 760 716 814 sic
735 760 896 830 explicans:
920 761 1025 815 Caesar
1044 776 1107 813 cum
1125 776 1211 828 saepe

208 843 336 898 obnitens
355 857 545 916 repugnasset,
568 847 635 900 nihil
657 846 776 917 amplius
794 865 812 900 a
830 846 932 917 populo
951 846 1099 916 impetrare
1120 845 1211 914 potuit

206 930 259 986 nisi
271 931 317 1002 qui
333 931 372 1002 (h.
381 950 404 986 e.
419 950 475 1003 qua
487 933 603 1003 ratione)
623 933 795 989 continuaret
808 934 968 988 consulatus
981 934 1018 987 ad
1032 931 1210 987 undecimum

206 1036 293 1089 usque
307 1037 396 1090 neque
409 1023 487 1076 ultra.

241 1123 310 1175 901
334 1108 448 1177 sepultis
468 1119 498 1163 ut
523 1108 709 1180 praediximus
730 1108 809 1164 bellis
829 1107 955 1164 ciuilibus
977 1106 1208 1163 coalescentibus·

204 1209 258 1262 que
279 1193 344 1264 reip.
367 1195 499 1251 membris
522 1208 549 1252 et
571 1215 666 1252 coram
687 1196 773 1251 aliero
796 1215 867 1268 quae
887 1207 944 1251 tarn
963 1197 1047 1264 longa
1065 1213 1208 1250 armorum

205 1279 290 1334 series
303 1281 482 1338 lacerauerat.
494 1284 559 1338 ΑΡ.

105 1399 107 1410 =
204 1417 214 1426 .
238 1368 334 1421 Verba
359 1368 404 1423 illa
428 1382 557 1441 corrupta
572 1378 599 1424 et
615 1389 709 1426 coram
730 1373 819 1425 aliero
839 1369 975 1440 Bergkius
995 1369 1114 1424 mutauit
1134 1368 1162 1422 in
1181 1376 1210 1424 et

203 1455 344 1511 coaluere:
368 1473 453 1526 quam
473 1459 708 1526 emendationem,
720 1457 847 1530 quarnuis
866 1476 900 1512 ex
919 1467 997 1528 parte
1016 1471 1121 1521 ueram,
1141 1473 1207 1525 pro·

203 1541 264 1611 pius
282 1553 376 1597 tamen
393 1544 430 1597 ad
449 1545 548 1601 ductus
567 1545 728 1614 litterarum,
742 1545 885 1616 magisque
904 1545 942 1599 ad
960 1542 1206 1614 palaeographiam

203 1629 407 1700 conuenienter,
433 1631 472 1686 sic
501 1633 679 1701 absoluerim,
703 1635 787 1686 etiam
817 1635 991 1687 coaluerunt.
1029 1633 1101 1685 Cum
1130 1629 1206 1684 enirn

475 1733 514 1759 am

202 1766 335 1837 scripturn
348 1779 422 1824 esset
439 1734 474 1824 et²
513 1788 542 1824 co
554 1771 697 1838 aluerunt,
708 1771 809 1825 tralato
822 1773 879 1824 eam
892 1779 956 1839 post
969 1768 1036 1822 illud
1049 1785 1086 1835 ca,
1099 1769 1203 1823 factum

201 1865 244 1909 est
256 1862 284 1909 et
295 1873 324 1909 ce
336 1859 401 1924 iam,
415 1875 481 1911 mox
492 1864 640 1913 eteorum:
661 1859 798 1911 aluerunt
808 1867 911 1925 autem,
925 1873 982 1909 non
995 1855 1098 1921 aluere,
1112 1854 1204 1925 potius

201 1940 228 1995 in
241 1943 330 1996 aliero
341 1942 468 1998 uitiatum
481 1944 607 2012 arbitror,
622 1963 685 2000 curn
696 1943 784 1998 rarius
795 1943 822 1998 in
834 1941 1014 1998 Murbacensi
1026 1960 1078 2008 e,o
1091 1960 1203 2012 permu-

200 2039 276 2084 tatae
294 2029 442 2086 uideantur
458 2031 551 2099 luisse,
564 2039 650 2086 -runt
668 2031 726 2088 siue
744 2038 825 2086 ·r0nt
842 2040 950 2085 constet
963 2029 1075 2100 saepius
1088 2029 1203 2100 dilapsis

199 2116 303 2172 ultimis
324 2117 430 2186 litteris,
448 2121 567 2176 fortasse
591 2119 656 2191 quia
680 2118 770 2174 minus
792 2118 983 2183 audiebantur,
1007 2117 1034 2171 in
1053 2135 1097 2172 -ro
1118 2117 1203 2172 fuisse

199 2216 380 2260 contractum.
422 2207 562 2263 Ciceronis
587 2209 623 2262 de
648 2209 718 2277 Rep.
743 2206 759 2260 i.
783 2221 827 2274 42.
851 2208 885 2276 65
912 2207 960 2260 Du
987 2205 1058 2261 Rieu
1084 2215 1202 2262 testatur

200 2294 425 2350 POTVERVN'
435 2307 588 2351 correctum
600 2294 693 2363 fuisse,
706 2313 723 2349 o
735 2294 932 2365 suprascripta,
946 2293 973 2347 in
989 2295 1185 2349 POTVERO.

234 2397 294 2449 911
317 2382 395 2452 signa
416 2385 546 2438 Romana
567 2401 639 2454 quae
659 2385 763 2437 Crasso
788 2399 894 2452 praesso
917 2382 1027 2436 Orodes
1047 2398 1121 2451 quae
1140 2383 1201 2436 An·

196 2467 274 2522 tonio
285 2471 365 2539 pulso
380 2469 449 2526 filius
462 2470 521 2526 eius
535 2472 670 2525 Prahates
683 2481 822 2541 ceperant.
835 2471 873 2524 Α.

231 2573 329 2626 presso
344 2559 377 2611 P.

233 2644 317 2710 Quod
330 2646 414 2714 uulgo
424 2644 517 2700 editur
525 2649 661 2715 appresso,
673 2643 752 2714 quasi
762 2648 797 2714 ep
809 2643 940 2698 exciderit
952 2652 1067 2712 propter
1075 2641 1200 2710 gemina-

196 2727 300 2783 tionem
320 2731 433 2798 (Crasso
445 2732 583 2801 praessa),
603 2731 690 2802 potuit
710 2731 738 2786 id
757 2731 871 2802 quidem
893 2729 959 2797 lieri,
980 2730 1085 2784 factum
1105 2739 1201 2785 tamen

196 2833 252 2870 non
275 2835 354 2872 reor:
384 2835 458 2886 nam,
480 2830 510 2873 ut
529 2817 721 2889 epitomatoris
743 2817 919 2873 historiarum
943 2816 1003 2871 Liui
1025 2816 1117 2871 uerbis
1137 2827 1201 2872 utar

197 2903 272 2971 (116)
286 2906 330 2958 M.
346 2905 465 2959 Crassus
481 2907 584 2960 bellum
594 2907 715 2960 Parthis
731 2907 870 2960 illaturus
881 2905 1059 2975 Euphratem
1066 2904 1200 2970 fluuium

195 2995 320 3060 transiit,
340 2996 486 3062 uictusque
499 2994 618 3064 proelio,
641 2997 673 3048 iu
694 3011 749 3063 quo
772 2999 800 3047 et
813 2993 982 3063 filiuseius
1003 2993 1112 3057 decidit,
1135 3009 1198 3045 cum

194 3080 332 3148 reliquias
349 3083 486 3135 exercitus
503 3085 534 3135 in
553 3083 648 3136 collem
667 3084 818 3152 recapessat,
831 3087 961 3134 euocatus
979 3082 1010 3133 in
1028 3081 1199 3148 colloquium

194 3167 229 3219 ab
246 3167 370 3222 hostibus
391 3169 471 3222 uelut
490 3169 523 3222 de
538 3173 610 3239 pace
627 3172 742 3234 acturis,
762 3185 882 3237 quorum
902 3167 963 3220 dux
979 3173 1043 3219 erat
1060 3167 1198 3232 Surenas,

193 3254 450 3325 comprehensus
461 3262 490 3308 et
500 3273 534 3308 ne
541 3256 613 3324 quid
618 3258 705 3309 uiuus
708 3259 859 3325 pateretur
864 3258 1027 3324 repugnans
1034 3253 1198 3322 interfectus

192 3347 249 3395 est:
270 3342 301 3396 cl.
317 3342 387 3395 Plut.
402 3344 494 3396 Crass.
507 3358 550 3410 30,
564 3357 605 3410 31.
640 3344 740 3413 ltaque
748 3346 871 3412 praenso
885 3339 1010 3411 (prenso)
1024 3339 1116 3410 potius
1130 3338 1197 3394 scri-

193 3429 317 3483 bendum
329 3439 396 3484 erat.

229 3533 296 3584 912
316 3515 418 3586 quippe
435 3518 466 3570 L.
484 3519 602 3570 Murena
621 3526 649 3571 et
669 3516 792 3571 Fannius
813 3515 917 3585 Caepio
936 3514 1052 3569 diu‘ersis
1071 3514 1195 3569 moribus

192 3620 258 3656 nam
277 3605 397 3657 Murena
416 3601 475 3656 sine
498 3605 552 3656 hoc
576 3602 698 3658 facinore
719 3602 808 3673 potuit
830 3601 916 3657 uideri
935 3604 1025 3656 bonus
1045 3602 1149 3673 Caepio
1167 3613 1194 3657 et

191 3692 245 3745 hoc
257 3700 323 3744 ante
337 3700 395 3746 erat
408 3690 554 3759 pessimus.
567 3692 632 3744 ΑΡ.

226 3779 357 3832 Emendo
370 3785 397 3832 et
408 3780 458 3832 leae
476 3777 527 3849 [et]
545 3784 627 3833 aute:
655 3788 834 3848 opponuntur
850 3781 911 3832 sine
928 3778 1126 3847 bursarium,
1145 3779 1195 3832 hac

671 3906 715 3958 ¹73
