3024 4568
407 466 453 524 IN
475 466 695 524 VELLEIVM
717 465 1005 525 PATERCVLVM

186 631 254 687 .Ex
276 631 319 684 his
339 641 486 700 postquam
506 649 523 684 a
547 632 645 700 Pighio
665 635 738 687 Arm.
758 631 795 687 iii.
819 633 869 700 538
888 631 943 702 (ed.
966 631 1085 699 Schott),
1111 650 1206 686 uerum

211 734 311 772 nomen
332 718 425 771 Vibius
435 719 589 774 Postumus
601 728 710 772 erutum
722 729 765 772 est
780 719 854 786 (uide
869 719 951 773 Dion.
962 721 994 773 C.
1006 721 1047 788 56.
1063 734 1073 772 r
1080 732 1093 788 5
1107 739 1113 784 ;
1133 721 1155 772 F
1158 720 1207 774 lor.

210 804 244 858 iv.
261 819 300 859 12.
317 805 359 872 11)
382 815 472 859 totum
494 806 586 859 locum
605 805 723 860 Vossius
743 807 783 862 sic
802 806 979 860 emendauit:
1008 807 1106 860 celebri
1122 810 1206 860 ettam

209 896 292 960 opera
310 893 492 962 diligentique
513 893 609 946 Vibius
626 894 778 946 Postumus
795 895 844 946 uir
860 893 1016 946 consularis
1028 896 1208 963 praepositus

209 980 368 1034 Delmatiae
386 986 551 1033 ornamenta
570 983 673 1034 meruit
693 981 895 1050 triumphalia:
923 980 1006 1050 idque
1025 981 1052 1035 in
1070 980 1207 1035 editiones

208 1076 349 1135 receptum
364 1076 413 1120 est.

246 1155 327 1206 Haec
339 1171 356 1206 a
368 1153 476 1206 Velleio
496 1153 536 1207 sic
551 1153 711 1221 prouenisse
724 1153 785 1222 quis
798 1153 954 1223 spondeat?
980 1155 1055 1207 Nam
1069 1153 1207 1206 ablatiuos

208 1240 298 1310 qualis
311 1239 357 1293 hic
375 1250 417 1294 est
438 1241 538 1294 celebri
551 1243 636 1293 etiam
654 1245 738 1310 opera
755 1250 831 1294 amat
850 1241 986 1307 absolute,
1005 1242 1080 1310 quod
1098 1240 1207 1308 dicitur,

209 1343 321 1394 ponere,
336 1325 496 1395 praesertim
510 1337 642 1396 sequente
656 1328 729 1381 unde
742 1327 883 1396 pendeant
891 1328 1030 1395 genetiuo.
1056 1327 1141 1382 Velut
1155 1329 1208 1381 hoc

211 1414 239 1467 in
254 1415 315 1467 loco
329 1414 412 1468 credo
425 1413 562 1468 Velleium
576 1415 615 1468 sic
628 1415 720 1484 potius
733 1415 893 1484 scripsisse:
916 1416 1014 1468 celebri
1028 1418 1111 1468 etiam
1125 1418 1208 1484 opera

208 1501 410 1570 diligentiaque
429 1503 490 1556 Vibi
498 1504 635 1556 Postumi.
672 1505 702 1557 Is
720 1506 769 1557 nir
786 1504 941 1556 consularis
948 1506 1127 1572 praepositus
1138 1503 1208 1556 Del·

208 1591 312 1642 matiae
323 1596 488 1643 ornamenta
501 1591 604 1644 meruit
614 1590 809 1660 triumphalia.

244 1678 329 1730 Falso
344 1678 462 1731 Orellius
474 1677 589 1733 tradidit
601 1689 743 1748 tamquam
758 1697 792 1732 ex
804 1677 1028 1732 Amerbachiano
1045 1679 1207 1747 apographo

208 1765 281 1842 quin¹
298 1766 419 1832 positus.
468 1765 552 1832 Quod
576 1764 777 1819 Amerbachius
804 1764 911 1834 scripsit
941 1782 1013 1833 quae
1035 1768 1147 1834 positus
1175 1783 1208 1818 ex

208 1851 371 1919 permutatis
390 1869 409 1922 q
427 1870 446 1921 p
465 1863 556 1906 ortum
575 1852 699 1906 uidetur:
728 1852 905 1906 scribendum
923 1861 966 1906 est
980 1855 1160 1922 praepositus
1178 1863 1207 1907 ut

206 1935 288 1990 estin
301 1938 335 1992 P.

243 2025 320 2091 1163
340 2023 381 2077 uir
406 2023 592 2094 antiquissimi
616 2024 701 2078 moris
715 2035 753 2078 et
779 2026 899 2094 priscam
924 2025 1100 2079 seueritatem
1126 2043 1209 2094 super

208 2108 381 2164 humanitate
394 2120 552 2180 temperans
566 2110 592 2165 in
608 2112 759 2165 Germania
774 2111 939 2182 lllyricoque
952 2121 980 2166 et
993 2129 1057 2165 mox
1075 2110 1101 2164 in
1114 2112 1209 2166 Africa

207 2195 441 2263 splendidissimis
469 2197 580 2251 iunctos
610 2196 769 2252 ministeriis
798 2215 855 2252 non
883 2198 982 2252 merito
1012 2200 1062 2252 sed
1091 2198 1209 2252 materia

215 2282 238 2324 di

208 2333 367 2403 atpiscendi
383 2334 443 2404 (sic)
457 2334 634 2406 triumphalia
647 2338 770 2390 delectus
784 2346 834 2392 est.
847 2337 886 2392 A.

243 2440 354 2492 semper
365 2422 537 2476 humanitate
550 2424 583 2478 P.
655 2422 829 2492 adipiscendi
842 2425 876 2478 P.

244 2513 335 2565 Multo
355 2509 540 2580 praestantius
558 2521 600 2564 est
615 2511 690 2580 quod
704 2512 818 2566 Amerb.
833 2511 909 2564 dedit
921 2513 1008 2580 super
1017 2511 1044 2564 h.
1053 2527 1076 2564 e.
1090 2509 1208 2564 adiecta.

209 2599 278 2652 Stat.
293 2600 321 2651 S.
332 2596 368 2651 iii.
380 2612 404 2664 3.
414 2598 448 2650 68
462 2600 546 2650 annis
558 2599 650 2649 multa
662 2601 748 2666 super
758 2597 850 2650 indole
863 2599 952 2660 uectis,
966 2613 1029 2649 cum
1043 2595 1208 2648 adulescen-

208 2685 276 2738 tiam
291 2681 389 2736 Claudi
406 2682 489 2736 insita
506 2682 603 2748 uirtus,
617 2699 672 2752 qua
689 2682 801 2750 insuper
819 2683 953 2748 utebatur,
975 2680 1067 2749 ingeni
1087 2681 1210 2735 uinceret

209 2770 506 2840 praeponderaretque.
534 2771 613 2822 Lucr.
627 2767 663 2822 iii.
676 2770 727 2834 672
743 2769 803 2822 Cur
812 2772 898 2837 snper
908 2775 974 2820 ante
986 2774 1077 2821 actam
1092 2773 1208 2822 aetatem

209 2859 363 2911 meminisse
381 2859 551 2926 nequimus?
575 2856 593 2911 i.
611 2857 663 2922 648
681 2859 708 2910 si
720 2861 819 2926 partes
838 2859 913 2927 ignis
931 2857 1045 2909 eandem
1064 2857 1208 2908 Naturam

209 2961 294 3013 quam
307 2949 382 2998 tatus
399 2943 480 2996 babet
496 2949 582 3013 super
598 2945 672 3014 ignis
691 2944 828 2996 haberent.
865 2943 937 2997 Vide
952 2943 1065 2998 Lachm.
1079 2944 1116 2996 ad
1130 2945 1209 2997 Lucr.

209 3031 243 3086 vi.
258 3044 316 3100 514.
1258 3029 1262 3034 ’

247 3122 316 3174 Mox
329 3121 419 3188 apisci
434 3118 525 3188 potius
544 3135 628 3188 quam
647 3118 767 3187 adipisci
784 3118 929 3172 redderem
943 3117 1057 3182 Velleio,
1077 3115 1130 3170 nisi
1148 3117 1210 3169 adi·

205 3209 281 3276 pisci
296 3207 420 3260 uiderem
440 3205 526 3260 etiam
545 3208 581 3260 ab
601 3207 788 3260 Amerbachio
807 3205 940 3275 scriptum
959 3205 985 3259 ii.
1003 3218 1028 3271 7.
1049 3220 1070 3259 1.
1108 3206 1210 3273 Neque

211 3294 273 3348 ideo
292 3305 387 3348 tamen
405 3303 481 3346 certa
499 3311 544 3347 res
562 3303 620 3347 est:
640 3311 705 3347 nam
725 3304 752 3348 et
773 3295 897 3348 Catullus
918 3292 1020 3361 adepta
1033 3291 1085 3359 bis,
1099 3290 1153 3346 lxii.
1170 3303 1211 3359 57,

210 3380 274 3435 lxvi.
300 3394 342 3448 27,
368 3382 458 3448 apisci
481 3380 567 3433 semel
593 3379 656 3434 lxiv,
684 3393 731 3448 145
759 3378 909 3448 usurpauit.
959 3379 1016 3432 Sed
1044 3377 1143 3432 mirum
1169 3387 1212 3432 est

211 3466 287 3536 quod
309 3466 336 3521 in
356 3483 389 3520 eo
409 3482 491 3519 uersu
514 3464 615 3520 Catulli
633 3476 730 3520 contra
750 3477 869 3519 metrum
888 3475 915 3519 et
936 3466 1024 3518 codex
1044 3463 1211 3519 Oxoniensis

211 3553 297 3606 habet
324 3553 450 3622 adipisci,
479 3561 506 3606 et
537 3551 565 3605 in
595 3551 779 3607 Germanensi
805 3562 870 3605 ante
896 3554 986 3621 apisci
1012 3551 1102 3604 maius
1132 3550 1212 3605 solito

212 3638 334 3710 spatium
352 3647 403 3706 est,
419 3648 448 3692 ut
461 3638 547 3692 erasis
565 3638 673 3691 duabus
693 3638 791 3692 litteris
809 3637 886 3706 prius
902 3637 1028 3692 uideatur
1046 3637 1131 3692 luisse
1150 3639 1211 3690 aeli·

206 3728 288 3796 pisci.
322 3725 475 3784 Vaticanus
491 3727 558 3794 1829
571 3742 652 3798 quem
666 3742 728 3778 cum
743 3725 796 3778 60
808 3726 1029 3796 comparandum
1043 3724 1114 3779 duco
1127 3725 1211 3778 habet

214 3815 310 3886 apisci.

691 3912 737 3971 183
