3024 4568
386 442 432 501 IN
453 442 674 501 VELLEIVM
698 442 987 502 PATERCVLVM
1052 511 1056 518 ,

190 626 261 678 quae
278 625 314 676 eo,
335 609 488 662 Rhenanus
506 615 599 677 atque,
616 611 703 662 Burer
721 626 804 678 eoque
822 610 867 664 uel
889 627 919 663 ee
937 609 1014 678 quod
1032 610 1122 679 legere
1141 609 1191 664 sibi

190 696 265 750 uisus
296 707 345 751 est.
394 699 438 751 Ex
471 696 515 750 his
543 696 710 751 Thomasius
745 697 873 766 praetulit
903 715 992 767 ecque,
1024 698 1098 768 quod
1129 716 1192 752 cum

194 782 309 838 Kritzius
323 800 468 854 perperam
485 783 681 854 interpretatus
698 796 772 839 esset
793 785 836 839 ‘et
857 787 1022 855 propterea,’
1034 785 1080 839 hic
1093 785 1193 840 rectius

190 872 230 926 sic
243 872 390 942 explicauit
407 874 501 941 quod.
517 913 523 926 .
537 873 647 943 ‚facere
663 873 795 926 uoluerat
811 890 913 942 ecque.
928 913 934 928 .
949 915 954 927 .
968 880 1030 927 erat
1048 873 1191 942 znlzz'bitus,

190 961 216 1013 h.
225 977 249 1014 e.
262 970 291 1013 et
304 977 359 1029 quo
374 957 524 1027 [faciendo]
545 970 603 1012 erat
623 957 763 1027 inhibitus,
777 959 923 1014 relatiuum
940 970 1007 1014 noto
1020 978 1097 1015 more
1111 960 1190 1015 Cice-

189 1047 305 1103 roniano
319 1047 498 1102 continuante
512 1049 733 1102 demonstratiuo
747 1049 784 1118 (p.
801 1047 853 1118 15).

225 1137 296 1204 Eg0‚
320 1135 366 1205 qui
389 1138 493 1189 Burero
512 1136 551 1190 ita
572 1137 782 1206 obsequendum
802 1147 869 1206 puto
889 1147 919 1191 ut
939 1146 1034 1191 tamen
1054 1138 1194 1190 Rhenano

189 1221 302 1292 aliquid,
316 1222 504 1276 Amerbachio
517 1221 688 1292 aliquantum
701 1223 831 1291 tribuam,
846 1233 983 1293 mutatam
995 1223 1108 1294 quidem
1122 1225 1194 1277 rela-

191 1311 240 1364 tiui
263 1320 430 1364 structuram
450 1311 477 1364 in
499 1311 708 1365 demonstratiui
729 1312 810 1366 facile
829 1311 930 1381 largior
949 1311 1117 1379 Thomasi03
1144 1314 1193 1367 sed

191 1398 336 1468 perpensis
361 1397 431 1452 inter
453 1417 482 1454 se
509 1398 676 1453 testimoniis
702 1399 801 1453 melius
826 1399 955 1469 explicari
980 1401 1062 1453 credo
1087 1417 1146 1452 rem
1172 1399 1195 1452 si

190 1495 340 1554 reponatur
352 1492 436 1555 atque
451 1504 489 1552 eo,
504 1504 567 1539 cum
584 1493 669 1554 atque
682 1485 717 1540 sit
731 1486 758 1539 in
771 1488 805 1554 P,
820 1496 885 1540 ante
898 1504 970 1556 quae
982 1504 1011 1540 eo
1024 1486 1100 1556 quod
1113 1496 1155 1540 est
1166 1485 1194 1539 in

191 1576 228 1642 A,
242 1582 287 1628 -al
298 1577 342 1630 uel
355 1593 463 1630 erasum
480 1577 523 1630 uel
542 1586 655 1646 propter
673 1576 888 1644 geminationem
902 1577 1038 1630 omissum
1053 1575 1196 1642 (uoluerat

191 1659 243 1731 [at]
262 1680 333 1731 quae
350 1663 391 1730 eo)
411 1662 545 1730 uideatur,
558 1680 589 1715 eo
607 1663 737 1733 denique,
755 1662 783 1716 in
803 1663 878 1732 quod
897 1673 925 1717 et
944 1661 1145 1717 Amerbachius
1166 1672 1194 1715 et

192 1751 279 1802 Burer
301 1749 469 1818 conspirant,
492 1750 538 1803 uix
559 1750 639 1803 cadat
662 1749 689 1802 in
709 1749 919 1814 dubitationem,
940 1759 1035 1818 utpote
1055 1748 1115 1803 sine
1137 1765 1193 1818 quo

190 1836 328 1890 enhibitus
345 1836 498 1890 ablatiuum
516 1853 597 1890 suum
620 1853 702 1907 quem
722 1836 758 1889 ad
779 1837 935 1906 exemplum
955 1837 1033 1890 uerbi
1047 1836 1196 1906 prohibere

192 1924 316 1993 sumpsit,
330 1923 469 1978 desideret
479 1921 497 1976 1.

226 2027 303 2080 1071
325 2030 389 2066 cum
408 2011 562 2065 citeriorem
584 2010 672 2081 ripam
693 2010 827 2082 praedicti
847 2011 968 2066 fluminis
991 2012 1088 2066 castris
1112 2031 1194 2067 occu-

191 2117 338 2168 passemus
352 2109 379 2153 et
392 2099 521 2153 ulteriora
533 2099 656 2166 (ulterior
666 2101 702 2168 P)
714 2110 822 2154 annata
833 2101 954 2154 hostium
966 2100 1066 2155 uirtute
1075 2101 1195 2170 fulgeret

191 2189 243 2242 sub
262 2204 374 2242 omnem
397 2197 558 2257 motumque
580 2198 738 2242 nostrarum
769 2187 883 2242 nauium
905 2187 1029 2258 protinus
1058 2189 1195 2258 refugien-

190 2275 268 2329 tium.
284 2277 322 2329 A.
1199 2283 1202 2291 '

226 2361 367 2416 iuuentute
379 2363 412 2416 P.
485 2374 591 2417 motum
608 2364 644 2430 P,
669 2364 718 2418 sed
739 2365 827 2418 Burer
849 2363 1032 2434 ‘Exemplum
1054 2373 1193 2418 uetustum

190 2454 283 2518 habet,
295 2454 346 2506 sub
356 2470 468 2506 omnem
478 2463 611 2523 metumq.
622 2451 682 2521 (sic)
692 2463 851 2507 nostrarum
859 2452 980 2507 nauium.
1001 2453 1071 2506 inter
1081 2469 1194 2506 omnem

190 2551 324 2610 motumq.
338 2540 472 2610 quiddam
486 2541 584 2594 deesse
598 2541 723 2595 uidetur)

227 2627 403 2695 comparatis
422 2626 602 2681 Amerbachii
623 2637 651 2681 et
672 2626 768 2680 Bureri
792 2626 958 2681 lectionibus
977 2633 1118 2695 motumq.,
1138 2643 1195 2679 non

191 2721 321 2784 metumq.
340 2733 394 2768 nec
422 2722 535 2783 metum,
562 2715 659 2784 colligo
684 2715 711 2768 in
743 2715 923 2769 Murbacensi
951 2715 1045 2768 fuisse.
1083 2715 1195 2769 Excidit

190 2806 274 2875 igitur
286 2815 334 2860 aut
347 2806 513 2859 uocabulum
525 2814 573 2858 aut
586 2823 652 2874 pars
666 2805 802 2859 uocabuli.
839 2804 967 2858 Aliorum
980 2803 1153 2858 coniecturas
1166 2802 1194 2856 in

191 2911 255 2963 app.
269 2893 327 2947 crit.
342 2893 419 2947 attuli
432 2911 438 2946 :
458 2892 526 2946 mihi
537 2892 666 2946 uidentur
678 2903 741 2962 post
751 2910 858 2946 omnem
872 2892 988 2962 periisse
1001 2901 1057 2945 tres
1070 2891 1193 2960 syllabae

191 2981 318 3035 uocabuli
338 2981 412 3050 quod
432 2989 474 3034 est
496 2980 694 3048 undecumque.
738 2981 833 3034 Verba
857 2978 897 3033 sic
922 2979 1056 3032 struenda
1081 2988 1145 3032 sunt
1170 2984 1198 3031 et

191 3069 312 3121 ultem'or
330 3065 417 3137 (γέρα)
422 3067 553 3138 fulgeret
568 3084 593 3119 a.
613 3069 721 3120 uirtute
742 3068 806 3132 (hoc
826 3065 900 3120 enim
918 3066 1044 3134 praefero
1063 3065 1138 3135 quod
1156 3065 1184 3117 Α
1188 3105 1195 3131 ,

164 3191 167 3200 ·
192 3172 248 3208 non
261 3157 407 3208 iuuentute
417 3155 491 3224 quod
500 3155 528 3207 P
541 3153 629 3218 dedit)
642 3153 763 3208 hostium
776 3155 979 3225 refugientium
992 3155 1129 3222 protinus
1146 3153 1197 3206 sub

192 3259 299 3296 omnem
312 3248 475 3296 nostrarum
488 3245 607 3296 nauium
620 3243 810 3311 undecumque
822 3248 936 3294 motum.
975 3242 1083 3294 Seneca
1096 3241 1131 3294 de
1140 3239 1195 3294 Vit.

194 3332 272 3384 Beat.
291 3344 323 3396 27
341 3333 431 3399 rupis,
452 3347 537 3399 quam
550 3330 661 3400 fluctus
680 3348 737 3384 non
761 3331 901 3394 desinunt,
919 3329 1108 3396 undecumque
1126 3329 1198 3380 moti

191 3423 264 3481 sunt,
280 3417 432 3470 uerberare.

227 3507 307 3560 1081
330 3521 400 3574 quae
420 3505 500 3573 (gens
520 3503 798 3574 Marcomannorum)
820 3504 997 3558 Maraboduo
1015 3504 1086 3557 duce
1105 3501 1195 3557 excita

224 3692 233 3720 ¹
252 3694 281 3741 ln
295 3693 388 3742 Catulli
401 3709 476 3742 uersu
494 3694 544 3743 xci.
558 3710 573 3754 4
590 3698 635 3740 aut
641 3700 713 3755 posse
728 3699 775 3741 aut
790 3693 859 3756 turpi
874 3697 979 3740 mentem
997 3691 1099 3738 rnhc'bere
1106 3691 1196 3753 probeo

193 3773 281 3821 nescio
295 3788 327 3820 an
345 3773 523 3833 corrigendum
541 3771 574 3820 sit
585 3771 662 3820 Posse
676 3777 760 3820 autem
780 3772 851 3835 turpi,
866 3771 953 3832 potius
969 3785 1045 3832 quam
1056 3769 1114 3818 Aut
1125 3777 1198 3832 posse

192 3867 207 3898 a
219 3851 291 3914 turpi.

672 3956 718 4008 Ι75
