<?xml version="1.0" encoding="UTF-8"?>
<!DOCTYPE html PUBLIC "-//W3C//DTD XHTML 1.0 Transitional//EN"
    "http://www.w3.org/TR/xhtml1/DTD/xhtml1-transitional.dtd">
<html xmlns="http://www.w3.org/1999/xhtml" xml:lang="en" lang="en">
 <head>
  <title>
</title>
<meta http-equiv="Content-Type" content="text/html;charset=utf-8" />
  <meta name='ocr-system' content='tesseract 3.04.00' />
  <meta name='ocr-capabilities' content='ocr_page ocr_carea ocr_par ocr_line ocrx_word'/>
</head>
<body>
  <div class='ocr_page' id='page_1' title='image "./velleipaterculi00elligoog_0201.png"; bbox 0 0 3024 4568; ppageno 0'>
   <div class='ocr_carea' id='block_1_1' title="bbox 528 435 1094 498">
    <p class='ocr_par' dir='ltr' id='par_1_1' title="bbox 528 435 1094 498">
     <span class='ocr_line' id='line_1_1' title="bbox 528 435 1094 498; baseline -0.004 0"><span class='ocrx_word' id='word_1_1' title='bbox 528 435 873 498; x_wconf 88' lang='lat' dir='ltr'><strong>COMMENTARIVS</strong></span> <span class='ocrx_word' id='word_1_2' title='bbox 896 436 1094 498; x_wconf 86' lang='lat' dir='ltr'><strong>CRITICVS</strong></span> 
     </span>
    </p>
   </div>
   <div class='ocr_carea' id='block_1_2' title="bbox 306 594 1316 2327">
    <p class='ocr_par' dir='ltr' id='par_1_2' title="bbox 312 594 1316 914">
     <span class='ocr_line' id='line_1_2' title="bbox 312 594 1315 670; baseline 0.002 -20"><span class='ocrx_word' id='word_1_3' title='bbox 312 594 424 652; x_wconf 90' lang='lat' dir='ltr'>uicisset</span> <span class='ocrx_word' id='word_1_4' title='bbox 436 607 530 652; x_wconf 88' lang='lat' dir='ltr'>autem</span> <span class='ocrx_word' id='word_1_5' title='bbox 549 597 720 653; x_wconf 91' lang='lat' dir='ltr'>Octauianus</span> <span class='ocrx_word' id='word_1_6' title='bbox 734 597 787 668; x_wconf 88' lang='lat'>(79.</span> <span class='ocrx_word' id='word_1_7' title='bbox 802 598 838 668; x_wconf 79' lang='lat'>5),</span> <span class='ocrx_word' id='word_1_8' title='bbox 851 616 907 653; x_wconf 90' lang='lat' dir='ltr'>non</span> <span class='ocrx_word' id='word_1_9' title='bbox 923 608 1032 669; x_wconf 85' lang='lat' dir='ltr'>poterat</span> <span class='ocrx_word' id='word_1_10' title='bbox 1048 599 1084 652; x_wconf 89' lang='lat' dir='ltr'>de</span> <span class='ocrx_word' id='word_1_11' title='bbox 1101 597 1155 653; x_wconf 90' lang='lat' dir='ltr'>alio</span> <span class='ocrx_word' id='word_1_12' title='bbox 1173 616 1315 670; x_wconf 90' lang='lat' dir='ltr'>quoquam</span> 
     </span>
     <span class='ocr_line' id='line_1_3' title="bbox 313 683 1316 756; baseline 0.003 -18"><span class='ocrx_word' id='word_1_13' title='bbox 313 683 434 754; x_wconf 85' lang='lat' dir='ltr'><strong>intellegi</strong></span> <span class='ocrx_word' id='word_1_14' title='bbox 454 685 520 740; x_wconf 88' lang='lat' dir='ltr'>illud</span> <span class='ocrx_word' id='word_1_15' title='bbox 541 687 574 740; x_wconf 83' lang='lat' dir='ltr'>de</span> <span class='ocrx_word' id='word_1_16' title='bbox 598 688 690 740; x_wconf 83' lang='lat' dir='ltr'>eodem</span> <span class='ocrx_word' id='word_1_17' title='bbox 714 703 798 756; x_wconf 92' lang='lat' dir='ltr'>quam</span> <span class='ocrx_word' id='word_1_18' title='bbox 818 687 854 741; x_wconf 88' lang='lat' dir='ltr'>de</span> <span class='ocrx_word' id='word_1_19' title='bbox 874 686 1031 742; x_wconf 88' lang='lat' dir='ltr'>Octauiano</span> <span class='ocrx_word' id='word_1_20' title='bbox 1042 707 1049 753; x_wconf 94' lang='lat'>;</span> <span class='ocrx_word' id='word_1_21' title='bbox 1079 704 1171 756; x_wconf 91' lang='lat' dir='ltr'>neque</span> <span class='ocrx_word' id='word_1_22' title='bbox 1192 687 1316 741; x_wconf 88' lang='lat' dir='ltr'>absurde</span> 
     </span>
     <span class='ocr_line' id='line_1_4' title="bbox 312 771 1315 843; baseline 0.001 -17"><span class='ocrx_word' id='word_1_23' title='bbox 312 789 397 843; x_wconf 91' lang='lat' dir='ltr'>quem</span> <span class='ocrx_word' id='word_1_24' title='bbox 410 771 513 828; x_wconf 89' lang='lat' dir='ltr'>totiens</span> <span class='ocrx_word' id='word_1_25' title='bbox 527 771 663 838; x_wconf 89' lang='lat' dir='ltr'>intulerat,</span> <span class='ocrx_word' id='word_1_26' title='bbox 682 791 776 828; x_wconf 89' lang='lat' dir='ltr'>rursus</span> <span class='ocrx_word' id='word_1_27' title='bbox 789 773 848 829; x_wconf 89' lang='lat' dir='ltr'>eius</span> <span class='ocrx_word' id='word_1_28' title='bbox 860 773 1030 829; x_wconf 85' lang='lat' dir='ltr'>mentionem</span> <span class='ocrx_word' id='word_1_29' title='bbox 1050 773 1163 840; x_wconf 85' lang='lat' dir='ltr'>iaciens,</span> <span class='ocrx_word' id='word_1_30' title='bbox 1176 775 1210 828; x_wconf 86' lang='lat' dir='ltr'>ab</span> <span class='ocrx_word' id='word_1_31' title='bbox 1221 775 1315 828; x_wconf 84' lang='lat' dir='ltr'>eodem</span> 
     </span>
     <span class='ocr_line' id='line_1_5' title="bbox 313 859 517 914; baseline 0.005 -1"><span class='ocrx_word' id='word_1_32' title='bbox 313 859 436 914; x_wconf 90' lang='lat' dir='ltr'>dicturus</span> <span class='ocrx_word' id='word_1_33' title='bbox 449 869 517 914; x_wconf 86' lang='lat' dir='ltr'>erat.</span> 
     </span>
    </p>

    <p class='ocr_par' dir='ltr' id='par_1_3' title="bbox 312 947 1315 1106">
     <span class='ocr_line' id='line_1_6' title="bbox 349 947 1315 1019; baseline 0.002 -19"><span class='ocrx_word' id='word_1_34' title='bbox 349 950 389 1016; x_wconf 83' lang='lat'>89</span> <span class='ocrx_word' id='word_1_35' title='bbox 405 963 416 1000; x_wconf 93' lang='lat'><em>1</em></span> <span class='ocrx_word' id='word_1_36' title='bbox 439 949 544 1002; x_wconf 88' lang='lat' dir='ltr'>Caesar</span> <span class='ocrx_word' id='word_1_37' title='bbox 555 958 647 1002; x_wconf 90' lang='lat' dir='ltr'>autem</span> <span class='ocrx_word' id='word_1_38' title='bbox 659 966 786 1003; x_wconf 86' lang='lat' dir='ltr'>reuersus</span> <span class='ocrx_word' id='word_1_39' title='bbox 805 947 831 1002; x_wconf 91' lang='lat' dir='ltr'>in</span> <span class='ocrx_word' id='word_1_40' title='bbox 846 948 956 1003; x_wconf 89' lang='lat' dir='ltr'>Italiam</span> <span class='ocrx_word' id='word_1_41' title='bbox 969 959 1053 1019; x_wconf 90' lang='lat' dir='ltr'>atque</span> <span class='ocrx_word' id='word_1_42' title='bbox 1066 951 1164 1003; x_wconf 89' lang='lat' dir='ltr'>urbem</span> <span class='ocrx_word' id='word_1_43' title='bbox 1182 965 1315 1003; x_wconf 89' lang='lat' dir='ltr'>occursus</span> 
     </span>
     <span class='ocr_line' id='line_1_7' title="bbox 312 1034 1173 1106; baseline 0.002 -18"><span class='ocrx_word' id='word_1_44' title='bbox 312 1051 368 1104; x_wconf 92' lang='lat' dir='ltr'>quo</span> <span class='ocrx_word' id='word_1_45' title='bbox 380 1035 474 1089; x_wconf 80' lang='lat' dir='ltr'>fauore</span> <span class='ocrx_word' id='word_1_46' title='bbox 488 1035 609 1089; x_wconf 90' lang='lat' dir='ltr'>omnium</span> <span class='ocrx_word' id='word_1_47' title='bbox 622 1034 754 1090; x_wconf 89' lang='lat' dir='ltr'>aetatium</span> <span class='ocrx_word' id='word_1_48' title='bbox 767 1036 896 1091; x_wconf 87' lang='lat' dir='ltr'>ordinum</span> <span class='ocrx_word' id='word_1_49' title='bbox 909 1048 1040 1106; x_wconf 88' lang='lat' dir='ltr'>exceptus</span> <span class='ocrx_word' id='word_1_50' title='bbox 1054 1035 1096 1090; x_wconf 92' lang='lat' dir='ltr'>sit.</span> <span class='ocrx_word' id='word_1_51' title='bbox 1108 1037 1173 1090; x_wconf 84' lang='grc' dir='ltr'>ΑΡ.</span> 
     </span>
    </p>

    <p class='ocr_par' dir='ltr' id='par_1_4' title="bbox 310 1121 1315 1631">
     <span class='ocr_line' id='line_1_8' title="bbox 349 1121 1315 1192; baseline 0.001 -18"><span class='ocrx_word' id='word_1_52' title='bbox 349 1124 421 1189; x_wconf 89' lang='lat' dir='ltr'>Hoc,</span> <span class='ocrx_word' id='word_1_53' title='bbox 436 1121 505 1176; x_wconf 89' lang='lat' dir='ltr'>sicut</span> <span class='ocrx_word' id='word_1_54' title='bbox 519 1121 545 1176; x_wconf 92' lang='lat' dir='ltr'>in</span> <span class='ocrx_word' id='word_1_55' title='bbox 555 1121 752 1192; x_wconf 88' lang='lat' dir='ltr'>APscriptum</span> <span class='ocrx_word' id='word_1_56' title='bbox 765 1134 816 1190; x_wconf 91' lang='lat' dir='ltr'>est,</span> <span class='ocrx_word' id='word_1_57' title='bbox 827 1123 936 1178; x_wconf 85' lang='lat' dir='ltr'>retinuit</span> <span class='ocrx_word' id='word_1_58' title='bbox 948 1122 1073 1191; x_wconf 90' lang='lat' dir='ltr'>Kritzius‚</span> <span class='ocrx_word' id='word_1_59' title='bbox 1084 1133 1160 1178; x_wconf 88' lang='lat' dir='ltr'>ratus</span> <span class='ocrx_word' id='word_1_60' title='bbox 1170 1141 1203 1176; x_wconf 89' lang='lat' dir='ltr'>ex</span> <span class='ocrx_word' id='word_1_61' title='bbox 1208 1123 1315 1190; x_wconf 76' lang='lat' dir='ltr'>saum</span> 
     </span>
     <span class='ocr_line' id='line_1_9' title="bbox 312 1209 1314 1280; baseline 0 -16"><span class='ocrx_word' id='word_1_62' title='bbox 312 1209 435 1279; x_wconf 87' lang='lat' dir='ltr'>pendere</span> <span class='ocrx_word' id='word_1_63' title='bbox 453 1209 592 1279; x_wconf 88' lang='lat' dir='ltr'>duplicem</span> <span class='ocrx_word' id='word_1_64' title='bbox 611 1209 762 1279; x_wconf 89' lang='lat' dir='ltr'>genitiuum</span> <span class='ocrx_word' id='word_1_65' title='bbox 781 1229 910 1265; x_wconf 85' lang='lat' dir='ltr'>occursus</span> <span class='ocrx_word' id='word_1_66' title='bbox 928 1221 956 1265; x_wconf 90' lang='lat' dir='ltr'>et</span> <span class='ocrx_word' id='word_1_67' title='bbox 973 1212 1108 1278; x_wconf 80' lang='lat' dir='ltr'>omnium,</span> <span class='ocrx_word' id='word_1_68' title='bbox 1127 1209 1314 1280; x_wconf 87' lang='lat' dir='ltr'>allegauitque</span> 
     </span>
     <span class='ocr_line' id='line_1_10' title="bbox 313 1299 1313 1370; baseline 0.001 -21"><span class='ocrx_word' id='word_1_69' title='bbox 313 1309 354 1365; x_wconf 80' lang='lat'>50.</span> <span class='ocrx_word' id='word_1_70' title='bbox 368 1311 385 1363; x_wconf 91' lang='grc'>4</span> <span class='ocrx_word' id='word_1_71' title='bbox 398 1299 553 1352; x_wconf 79' lang='lat' dir='ltr'>exercitus.</span> <span class='ocrx_word' id='word_1_72' title='bbox 567 1338 574 1351; x_wconf 91' lang='lat'><em>.</em></span> <span class='ocrx_word' id='word_1_73' title='bbox 588 1337 596 1352; x_wconf 87' lang='lat'><strong>.</strong></span> <span class='ocrx_word' id='word_1_74' title='bbox 609 1299 701 1368; x_wconf 73' lang='lat' dir='ltr'>ipsius</span> <span class='ocrx_word' id='word_1_75' title='bbox 712 1299 853 1352; x_wconf 82' lang='lat' dir='ltr'>aduentus</span> <span class='ocrx_word' id='word_1_76' title='bbox 869 1300 967 1369; x_wconf 82' lang='lat' dir='ltr'>uigore</span> <span class='ocrx_word' id='word_1_77' title='bbox 985 1317 1018 1353; x_wconf 86' lang='lat' dir='ltr'>ac</span> <span class='ocrx_word' id='word_1_78' title='bbox 1024 1299 1145 1370; x_wconf 76' lang='lat' dir='ltr'><em>fulgore</em></span> <span class='ocrx_word' id='word_1_79' title='bbox 1156 1301 1313 1367; x_wconf 72' lang='lat' dir='ltr'>occupatus,</span> 
     </span>
     <span class='ocr_line' id='line_1_11' title="bbox 312 1383 1314 1454; baseline 0 -16"><span class='ocrx_word' id='word_1_80' title='bbox 312 1383 359 1438; x_wconf 90' lang='lat' dir='ltr'>ubi</span> <span class='ocrx_word' id='word_1_81' title='bbox 373 1394 467 1438; x_wconf 89' lang='lat' dir='ltr'>tamen</span> <span class='ocrx_word' id='word_1_82' title='bbox 478 1386 602 1439; x_wconf 85' lang='lat' dir='ltr'>aduentu</span> <span class='ocrx_word' id='word_1_83' title='bbox 611 1395 654 1440; x_wconf 88' lang='lat' dir='ltr'>est</span> <span class='ocrx_word' id='word_1_84' title='bbox 667 1385 695 1438; x_wconf 93' lang='lat' dir='ltr'>in</span> <span class='ocrx_word' id='word_1_85' title='bbox 708 1387 782 1451; x_wconf 85' lang='lat' dir='ltr'>AP;</span> <span class='ocrx_word' id='word_1_86' title='bbox 802 1401 845 1440; x_wconf 85' lang='lat'>21.</span> <span class='ocrx_word' id='word_1_87' title='bbox 855 1400 872 1452; x_wconf 92' lang='grc'>4</span> <span class='ocrx_word' id='word_1_88' title='bbox 884 1389 965 1440; x_wconf 84' lang='lat' dir='ltr'>cuius</span> <span class='ocrx_word' id='word_1_89' title='bbox 972 1404 1010 1441; x_wconf 86' lang='lat' dir='ltr'>sc.</span> <span class='ocrx_word' id='word_1_90' title='bbox 1022 1387 1072 1440; x_wconf 90' lang='lat' dir='ltr'>Cn.</span> <span class='ocrx_word' id='word_1_91' title='bbox 1087 1384 1202 1454; x_wconf 88' lang='lat' dir='ltr'>Pompei</span> <span class='ocrx_word' id='word_1_92' title='bbox 1214 1387 1314 1439; x_wconf 84' lang='lat' dir='ltr'>interi-</span> 
     </span>
     <span class='ocr_line' id='line_1_12' title="bbox 310 1471 1313 1543; baseline 0.001 -18"><span class='ocrx_word' id='word_1_93' title='bbox 310 1477 358 1525; x_wconf 86' lang='lat' dir='ltr'>tus</span> <span class='ocrx_word' id='word_1_94' title='bbox 370 1473 518 1543; x_wconf 73' lang='lat' dir='ltr'>uoluptas:</span> <span class='ocrx_word' id='word_1_95' title='bbox 538 1471 691 1542; x_wconf 90' lang='lat' dir='ltr'>genitiuum</span> <span class='ocrx_word' id='word_1_96' title='bbox 703 1483 798 1528; x_wconf 89' lang='lat' dir='ltr'>autem</span> <span class='ocrx_word' id='word_1_97' title='bbox 811 1491 939 1528; x_wconf 84' lang='lat' dir='ltr'>occursus</span> <span class='ocrx_word' id='word_1_98' title='bbox 943 1475 972 1542; x_wconf 74' lang='lat' dir='ltr'><em>fi</em></span> <span class='ocrx_word' id='word_1_99' title='bbox 985 1473 1024 1527; x_wconf 90' lang='lat' dir='ltr'>sic</span> <span class='ocrx_word' id='word_1_100' title='bbox 1036 1471 1183 1543; x_wconf 89' lang='lat' dir='ltr'>explicauit</span> <span class='ocrx_word' id='word_1_101' title='bbox 1196 1482 1225 1526; x_wconf 91' lang='lat' dir='ltr'>ut</span> <span class='ocrx_word' id='word_1_102' title='bbox 1239 1482 1313 1526; x_wconf 90' lang='lat' dir='ltr'>esset</span> 
     </span>
     <span class='ocr_line' id='line_1_13' title="bbox 311 1559 1183 1631; baseline 0.002 -19"><span class='ocrx_word' id='word_1_103' title='bbox 311 1560 391 1614; x_wconf 84' lang='lat' dir='ltr'>fauor</span> <span class='ocrx_word' id='word_1_104' title='bbox 403 1559 449 1630; x_wconf 89' lang='lat' dir='ltr'>qui</span> <span class='ocrx_word' id='word_1_105' title='bbox 462 1561 619 1615; x_wconf 86' lang='lat' dir='ltr'>declaratur</span> <span class='ocrx_word' id='word_1_106' title='bbox 631 1578 755 1628; x_wconf 92' lang='lat' dir='ltr'>occursu,</span> <span class='ocrx_word' id='word_1_107' title='bbox 768 1560 874 1631; x_wconf 85' lang='lat' dir='ltr'>uel-qui</span> <span class='ocrx_word' id='word_1_108' title='bbox 886 1559 1007 1615; x_wconf 90' lang='lat' dir='ltr'>cernitur</span> <span class='ocrx_word' id='word_1_109' title='bbox 1018 1559 1045 1614; x_wconf 88' lang='lat' dir='ltr'>in</span> <span class='ocrx_word' id='word_1_110' title='bbox 1058 1578 1183 1615; x_wconf 80' lang='lat' dir='ltr'>occursu¹</span> 
     </span>
    </p>

    <p class='ocr_par' dir='ltr' id='par_1_5' title="bbox 306 1645 1314 2327">
     <span class='ocr_line' id='line_1_14' title="bbox 347 1645 1314 1718; baseline -0.001 -18"><span class='ocrx_word' id='word_1_111' title='bbox 347 1648 380 1701; x_wconf 93' lang='lat' dir='ltr'>ld</span> <span class='ocrx_word' id='word_1_112' title='bbox 400 1665 463 1700; x_wconf 91' lang='lat' dir='ltr'>cum</span> <span class='ocrx_word' id='word_1_113' title='bbox 485 1646 621 1701; x_wconf 88' lang='lat' dir='ltr'>difficilius</span> <span class='ocrx_word' id='word_1_114' title='bbox 642 1647 684 1715; x_wconf 89' lang='lat' dir='ltr'>sit,</span> <span class='ocrx_word' id='word_1_115' title='bbox 704 1647 796 1702; x_wconf 87' lang='lat' dir='ltr'>nescio</span> <span class='ocrx_word' id='word_1_116' title='bbox 815 1665 853 1702; x_wconf 91' lang='lat' dir='ltr'>an</span> <span class='ocrx_word' id='word_1_117' title='bbox 871 1648 1055 1718; x_wconf 80' lang='lat' dir='ltr'>praeferenda</span> <span class='ocrx_word' id='word_1_118' title='bbox 1074 1647 1108 1702; x_wconf 92' lang='lat' dir='ltr'>sit</span> <span class='ocrx_word' id='word_1_119' title='bbox 1127 1646 1212 1717; x_wconf 91' lang='lat' dir='ltr'>Lipsii</span> <span class='ocrx_word' id='word_1_120' title='bbox 1234 1645 1314 1713; x_wconf 88' lang='lat' dir='ltr'>ratio,</span> 
     </span>
     <span class='ocr_line' id='line_1_15' title="bbox 310 1734 1313 1803; baseline -0.001 -15"><span class='ocrx_word' id='word_1_121' title='bbox 310 1734 456 1790; x_wconf 89' lang='lat' dir='ltr'>scribentis</span> <span class='ocrx_word' id='word_1_122' title='bbox 468 1751 523 1803; x_wconf 84' lang='lat' dir='ltr'>quo</span> <span class='ocrx_word' id='word_1_123' title='bbox 536 1753 661 1803; x_wconf 84' lang='lat' dir='ltr'>occursu,</span> <span class='ocrx_word' id='word_1_124' title='bbox 682 1736 768 1789; x_wconf 91' lang='lat' dir='ltr'>modo</span> <span class='ocrx_word' id='word_1_125' title='bbox 781 1753 816 1790; x_wconf 88' lang='lat' dir='ltr'>ne</span> <span class='ocrx_word' id='word_1_126' title='bbox 829 1737 883 1790; x_wconf 94' lang='lat' dir='ltr'>hoc</span> <span class='ocrx_word' id='word_1_127' title='bbox 895 1734 1000 1802; x_wconf 85' lang='lat' dir='ltr'>ordine,</span> <span class='ocrx_word' id='word_1_128' title='bbox 1011 1736 1061 1790; x_wconf 89' lang='lat' dir='ltr'>sed</span> <span class='ocrx_word' id='word_1_129' title='bbox 1076 1735 1184 1789; x_wconf 88' lang='lat' dir='ltr'>inuerso</span> <span class='ocrx_word' id='word_1_130' title='bbox 1197 1750 1313 1788; x_wconf 84' lang='lat' dir='ltr'>occursu</span> 
     </span>
     <span class='ocr_line' id='line_1_16' title="bbox 308 1820 1314 1892; baseline -0.002 -16"><span class='ocrx_word' id='word_1_131' title='bbox 308 1840 372 1892; x_wconf 83' lang='lat' dir='ltr'>quo.</span> <span class='ocrx_word' id='word_1_132' title='bbox 410 1825 487 1876; x_wconf 91' lang='lat' dir='ltr'>Nam</span> <span class='ocrx_word' id='word_1_133' title='bbox 504 1821 563 1876; x_wconf 87' lang='lat' dir='ltr'>siue</span> <span class='ocrx_word' id='word_1_134' title='bbox 581 1821 682 1876; x_wconf 87' lang='lat' dir='ltr'>excidit</span> <span class='ocrx_word' id='word_1_135' title='bbox 701 1832 766 1876; x_wconf 89' lang='lat' dir='ltr'>ante</span> <span class='ocrx_word' id='word_1_136' title='bbox 778 1839 833 1892; x_wconf 83' lang='lat' dir='ltr'>quo</span> <span class='ocrx_word' id='word_1_137' title='bbox 851 1822 1023 1892; x_wconf 88' lang='lat' dir='ltr'>geminatum</span> <span class='ocrx_word' id='word_1_138' title='bbox 1041 1823 1167 1884; x_wconf 87' lang='lat' dir='ltr'>alterum,</span> <span class='ocrx_word' id='word_1_139' title='bbox 1181 1820 1240 1876; x_wconf 89' lang='lat' dir='ltr'>siue</span> <span class='ocrx_word' id='word_1_140' title='bbox 1257 1837 1314 1890; x_wconf 85' lang='lat' dir='ltr'>quo</span> 
     </span>
     <span class='ocr_line' id='line_1_17' title="bbox 309 1909 1314 1979; baseline 0 -17"><span class='ocrx_word' id='word_1_141' title='bbox 309 1911 348 1964; x_wconf 89' lang='lat' dir='ltr'>ita</span> <span class='ocrx_word' id='word_1_142' title='bbox 370 1909 484 1963; x_wconf 90' lang='lat' dir='ltr'>inducto</span> <span class='ocrx_word' id='word_1_143' title='bbox 503 1920 533 1964; x_wconf 93' lang='lat' dir='ltr'>ut</span> <span class='ocrx_word' id='word_1_144' title='bbox 552 1921 709 1979; x_wconf 89' lang='lat' dir='ltr'>superesset</span> <span class='ocrx_word' id='word_1_145' title='bbox 727 1921 822 1965; x_wconf 87' lang='lat' dir='ltr'>tamen</span> <span class='ocrx_word' id='word_1_146' title='bbox 839 1927 865 1979; x_wconf 85' lang='lat' dir='ltr'>q,</span> <span class='ocrx_word' id='word_1_147' title='bbox 878 1912 933 1964; x_wconf 91' lang='lat' dir='ltr'>hoc</span> <span class='ocrx_word' id='word_1_148' title='bbox 951 1927 1015 1964; x_wconf 93' lang='lat' dir='ltr'>cum</span> <span class='ocrx_word' id='word_1_149' title='bbox 1032 1927 1088 1963; x_wconf 91' lang='lat' dir='ltr'>non</span> <span class='ocrx_word' id='word_1_150' title='bbox 1106 1909 1314 1977; x_wconf 87' lang='lat' dir='ltr'>intellegeretur</span> 
     </span>
     <span class='ocr_line' id='line_1_18' title="bbox 311 1997 1312 2069; baseline 0 -19"><span class='ocrx_word' id='word_1_151' title='bbox 311 1997 378 2069; x_wconf 92' lang='lat' dir='ltr'>quid</span> <span class='ocrx_word' id='word_1_152' title='bbox 397 2005 479 2064; x_wconf 88' lang='lat' dir='ltr'>esset,</span> <span class='ocrx_word' id='word_1_153' title='bbox 501 2014 552 2066; x_wconf 88' lang='lat' dir='ltr'>pro</span> <span class='ocrx_word' id='word_1_154' title='bbox 573 2014 706 2067; x_wconf 81' lang='lat' dir='ltr'>occursuq</span> <span class='ocrx_word' id='word_1_155' title='bbox 727 2007 870 2052; x_wconf 87' lang='lat' dir='ltr'>exaratum</span> <span class='ocrx_word' id='word_1_156' title='bbox 892 2008 935 2052; x_wconf 92' lang='lat' dir='ltr'>est</span> <span class='ocrx_word' id='word_1_157' title='bbox 956 2014 1093 2065; x_wconf 81' lang='lat' dir='ltr'>occursus,</span> <span class='ocrx_word' id='word_1_158' title='bbox 1112 2015 1168 2051; x_wconf 92' lang='lat' dir='ltr'>non</span> <span class='ocrx_word' id='word_1_159' title='bbox 1190 1997 1312 2050; x_wconf 88' lang='lat' dir='ltr'>absurde</span> 
     </span>
     <span class='ocr_line' id='line_1_19' title="bbox 311 2083 1311 2154; baseline 0 -16"><span class='ocrx_word' id='word_1_160' title='bbox 311 2084 465 2154; x_wconf 87' lang='lat' dir='ltr'>explicatur</span> <span class='ocrx_word' id='word_1_161' title='bbox 482 2083 510 2137; x_wconf 91' lang='lat' dir='ltr'>id</span> <span class='ocrx_word' id='word_1_162' title='bbox 530 2085 605 2154; x_wconf 91' lang='lat' dir='ltr'>quod</span> <span class='ocrx_word' id='word_1_163' title='bbox 624 2087 728 2140; x_wconf 90' lang='lat' dir='ltr'>habent</span> <span class='ocrx_word' id='word_1_164' title='bbox 740 2086 805 2138; x_wconf 83' lang='grc' dir='ltr'>ΑΡ.</span> <span class='ocrx_word' id='word_1_165' title='bbox 843 2087 906 2138; x_wconf 91' lang='lat' dir='ltr'>Nec</span> <span class='ocrx_word' id='word_1_166' title='bbox 924 2087 1041 2138; x_wconf 89' lang='lat' dir='ltr'>multum</span> <span class='ocrx_word' id='word_1_167' title='bbox 1060 2083 1141 2139; x_wconf 90' lang='lat' dir='ltr'>aliter</span> <span class='ocrx_word' id='word_1_168' title='bbox 1160 2099 1217 2152; x_wconf 89' lang='lat'>103.</span> <span class='ocrx_word' id='word_1_169' title='bbox 1230 2098 1248 2150; x_wconf 85' lang='lat'>4</span> <span class='ocrx_word' id='word_1_170' title='bbox 1260 2101 1311 2153; x_wconf 90' lang='lat' dir='ltr'>pro</span> 
     </span>
     <span class='ocr_line' id='line_1_20' title="bbox 309 2170 1311 2242; baseline -0.001 -17"><span class='ocrx_word' id='word_1_171' title='bbox 309 2189 344 2225; x_wconf 92' lang='lat' dir='ltr'>eo</span> <span class='ocrx_word' id='word_1_172' title='bbox 358 2171 432 2241; x_wconf 91' lang='lat' dir='ltr'>quod</span> <span class='ocrx_word' id='word_1_173' title='bbox 450 2181 492 2226; x_wconf 90' lang='lat' dir='ltr'>est</span> <span class='ocrx_word' id='word_1_174' title='bbox 511 2189 615 2225; x_wconf 86' lang='lat' dir='ltr'>manus</span> <span class='ocrx_word' id='word_1_175' title='bbox 631 2177 761 2242; x_wconf 73' lang='lat' dir='ltr'>spemque</span> <span class='ocrx_word' id='word_1_176' title='bbox 779 2170 979 2227; x_wconf 89' lang='lat' dir='ltr'>Amerbachius</span> <span class='ocrx_word' id='word_1_177' title='bbox 999 2171 1076 2226; x_wconf 88' lang='lat' dir='ltr'>dedit</span> <span class='ocrx_word' id='word_1_178' title='bbox 1095 2189 1223 2240; x_wconf 85' lang='lat' dir='ltr'>manusq.</span> <span class='ocrx_word' id='word_1_179' title='bbox 1235 2175 1311 2241; x_wconf 73' lang='lat' dir='ltr'>spem</span> 
     </span>
     <span class='ocr_line' id='line_1_21' title="bbox 306 2276 387 2327; baseline 0.012 -16"><span class='ocrx_word' id='word_1_180' title='bbox 306 2276 387 2327; x_wconf 80' lang='lat' dir='ltr'>quae.</span> 
     </span>
    </p>
   </div>
   <div class='ocr_carea' id='block_1_3' title="bbox 309 2345 1310 2554">
    <p class='ocr_par' dir='ltr' id='par_1_6' title="bbox 309 2345 1310 2554">
     <span class='ocr_line' id='line_1_22' title="bbox 345 2345 1310 2417; baseline -0.002 -16"><span class='ocrx_word' id='word_1_181' title='bbox 345 2348 413 2414; x_wconf 82' lang='lat'>895</span> <span class='ocrx_word' id='word_1_182' title='bbox 434 2346 593 2400; x_wconf 90' lang='lat' dir='ltr'>consulatus</span> <span class='ocrx_word' id='word_1_183' title='bbox 622 2346 816 2400; x_wconf 89' lang='lat' dir='ltr'>tantummodo</span> <span class='ocrx_word' id='word_1_184' title='bbox 846 2363 934 2416; x_wconf 90' lang='lat' dir='ltr'>usque</span> <span class='ocrx_word' id='word_1_185' title='bbox 957 2348 994 2401; x_wconf 93' lang='lat' dir='ltr'>ad</span> <span class='ocrx_word' id='word_1_186' title='bbox 1023 2345 1201 2402; x_wconf 89' lang='lat' dir='ltr'>undecimum</span> <span class='ocrx_word' id='word_1_187' title='bbox 1225 2363 1310 2417; x_wconf 88' lang='lat' dir='ltr'>quem</span> 
     </span>
     <span class='ocr_line' id='line_1_23' title="bbox 1198 2432 1310 2483; baseline 0.009 -11"><span class='ocrx_word' id='word_1_188' title='bbox 1198 2432 1310 2483; x_wconf 83' lang='lat' dir='ltr'>impetrare</span> 
     </span>
     <span class='ocr_line' id='line_1_24' title="bbox 309 2481 1310 2554; baseline 0.002 -18"><span class='ocrx_word' id='word_1_189' title='bbox 309 2481 483 2536; x_wconf 88' lang='lat' dir='ltr'>continuaret</span> <span class='ocrx_word' id='word_1_190' title='bbox 504 2484 692 2537; x_wconf 87' lang='lat' dir='ltr'>Caesareum</span> <span class='ocrx_word' id='word_1_191' title='bbox 715 2501 799 2553; x_wconf 91' lang='lat' dir='ltr'>saepe</span> <span class='ocrx_word' id='word_1_192' title='bbox 823 2484 952 2539; x_wconf 89' lang='lat' dir='ltr'>obnitens</span> <span class='ocrx_word' id='word_1_193' title='bbox 971 2495 1152 2554; x_wconf 85' lang='lat' dir='ltr'>repugnasset</span> <span class='ocrx_word' id='word_1_194' title='bbox 1173 2483 1310 2554; x_wconf 89' lang='lat' dir='ltr'>imperare</span> 
     </span>
    </p>
   </div>
   <div class='ocr_carea' id='block_1_4' title="bbox 304 2569 1356 3862">
    <p class='ocr_par' dir='ltr' id='par_1_7' title="bbox 307 2569 457 2639">
     <span class='ocr_line' id='line_1_25' title="bbox 307 2569 457 2639; baseline 0 -16"><span class='ocrx_word' id='word_1_195' title='bbox 307 2569 406 2639; x_wconf 91' lang='lat' dir='ltr'>potuit.</span> <span class='ocrx_word' id='word_1_196' title='bbox 419 2570 457 2625; x_wconf 87' lang='grc' dir='ltr'>Α.</span> 
     </span>
    </p>

    <p class='ocr_par' dir='ltr' id='par_1_8' title="bbox 343 2658 1158 2730">
     <span class='ocr_line' id='line_1_26' title="bbox 343 2658 1158 2730; baseline 0.001 -18"><span class='ocrx_word' id='word_1_197' title='bbox 343 2676 426 2730; x_wconf 89' lang='lat' dir='ltr'>quern</span> <span class='ocrx_word' id='word_1_198' title='bbox 438 2659 523 2711; x_wconf 82' lang='lat' dir='ltr'>etiam</span> <span class='ocrx_word' id='word_1_199' title='bbox 535 2659 570 2712; x_wconf 89' lang='lat' dir='ltr'>P.</span> <span class='ocrx_word' id='word_1_200' title='bbox 642 2658 789 2730; x_wconf 91' lang='lat' dir='ltr'>impetrare</span> <span class='ocrx_word' id='word_1_201' title='bbox 800 2661 844 2714; x_wconf 87' lang='lat' dir='ltr'>P:</span> <span class='ocrx_word' id='word_1_202' title='bbox 865 2658 1005 2730; x_wconf 90' lang='lat' dir='ltr'>impetrari</span> <span class='ocrx_word' id='word_1_203' title='bbox 1019 2660 1158 2714; x_wconf 85' lang='lat' dir='ltr'>Gelenius.</span> 
     </span>
    </p>

    <p class='ocr_par' dir='ltr' id='par_1_9' title="bbox 304 2740 1356 3498">
     <span class='ocr_line' id='line_1_27' title="bbox 345 2740 1309 2816; baseline 0 -17"><span class='ocrx_word' id='word_1_204' title='bbox 345 2744 494 2799; x_wconf 90' lang='lat' dir='ltr'>Maduicus</span> <span class='ocrx_word' id='word_1_205' title='bbox 507 2745 577 2799; x_wconf 89' lang='lat' dir='ltr'>haec</span> <span class='ocrx_word' id='word_1_206' title='bbox 589 2745 628 2799; x_wconf 91' lang='lat' dir='ltr'>sic</span> <span class='ocrx_word' id='word_1_207' title='bbox 641 2745 758 2802; x_wconf 86' lang='lat' dir='ltr'>correxit</span> <span class='ocrx_word' id='word_1_208' title='bbox 768 2747 887 2805; x_wconf 89' lang='lat' dir='ltr'>Aduers.</span> <span class='ocrx_word' id='word_1_209' title='bbox 899 2746 923 2800; x_wconf 90' lang='lat' dir='ltr'>ii.</span> <span class='ocrx_word' id='word_1_210' title='bbox 934 2740 994 2816; x_wconf 80' lang='lat' dir='ltr'>3o8‚</span> <span class='ocrx_word' id='word_1_211' title='bbox 1006 2749 1173 2802; x_wconf 88' lang='lat' dir='ltr'>Consulatus</span> <span class='ocrx_word' id='word_1_212' title='bbox 1186 2757 1309 2800; x_wconf 90' lang='lat' dir='ltr'>tantum-</span> 
     </span>
     <span class='ocr_line' id='line_1_28' title="bbox 306 2833 1309 2904; baseline -0.001 -16"><span class='ocrx_word' id='word_1_213' title='bbox 306 2835 392 2888; x_wconf 91' lang='lat' dir='ltr'>modo</span> <span class='ocrx_word' id='word_1_214' title='bbox 405 2833 541 2903; x_wconf 89' lang='lat' dir='ltr'>usquead</span> <span class='ocrx_word' id='word_1_215' title='bbox 555 2833 731 2888; x_wconf 88' lang='lat' dir='ltr'>undecimum</span> <span class='ocrx_word' id='word_1_216' title='bbox 744 2837 815 2904; x_wconf 74' lang='lat' dir='ltr'>quin</span> <span class='ocrx_word' id='word_1_217' title='bbox 834 2833 1007 2889; x_wconf 87' lang='lat' dir='ltr'>continuaret</span> <span class='ocrx_word' id='word_1_218' title='bbox 1020 2836 1131 2900; x_wconf 89' lang='lat' dir='ltr'>Caesar,</span> <span class='ocrx_word' id='word_1_219' title='bbox 1145 2853 1209 2888; x_wconf 92' lang='lat' dir='ltr'>cum</span> <span class='ocrx_word' id='word_1_220' title='bbox 1225 2850 1309 2901; x_wconf 88' lang='lat' dir='ltr'>saepe</span> 
     </span>
     <span class='ocr_line' id='line_1_29' title="bbox 306 2919 1309 2991; baseline -0.004 -15"><span class='ocrx_word' id='word_1_221' title='bbox 306 2920 436 2976; x_wconf 89' lang='lat' dir='ltr'>obnitens</span> <span class='ocrx_word' id='word_1_222' title='bbox 449 2930 643 2990; x_wconf 82' lang='lat' dir='ltr'>repugnasset,</span> <span class='ocrx_word' id='word_1_223' title='bbox 657 2920 804 2990; x_wconf 90' lang='lat' dir='ltr'>impetrare</span> <span class='ocrx_word' id='word_1_224' title='bbox 823 2939 879 2974; x_wconf 81' lang='lat' dir='ltr'>non</span> <span class='ocrx_word' id='word_1_225' title='bbox 898 2921 995 2991; x_wconf 90' lang='lat' dir='ltr'>potuit,</span> <span class='ocrx_word' id='word_1_226' title='bbox 1009 2920 1106 2975; x_wconf 89' lang='lat' dir='ltr'>addita</span> <span class='ocrx_word' id='word_1_227' title='bbox 1117 2923 1171 2975; x_wconf 88' lang='lat' dir='ltr'>hac</span> <span class='ocrx_word' id='word_1_228' title='bbox 1189 2919 1309 2990; x_wconf 85' lang='lat' dir='ltr'>explica·</span> 
     </span>
     <span class='ocr_line' id='line_1_30' title="bbox 304 3005 1307 3077; baseline -0.002 -15"><span class='ocrx_word' id='word_1_229' title='bbox 304 3007 380 3062; x_wconf 90' lang='lat' dir='ltr'>tione</span> <span class='ocrx_word' id='word_1_230' title='bbox 399 3005 514 3076; x_wconf 89' lang='lat' dir='ltr'>‘Agitur</span> <span class='ocrx_word' id='word_1_231' title='bbox 531 3008 566 3061; x_wconf 93' lang='lat' dir='ltr'>de</span> <span class='ocrx_word' id='word_1_232' title='bbox 582 3011 703 3062; x_wconf 87' lang='lat' dir='ltr'>Caesare</span> <span class='ocrx_word' id='word_1_233' title='bbox 717 3011 843 3077; x_wconf 89' lang='lat' dir='ltr'>Augusto</span> <span class='ocrx_word' id='word_1_234' title='bbox 864 3019 959 3064; x_wconf 88' lang='lat' dir='ltr'>uetera</span> <span class='ocrx_word' id='word_1_235' title='bbox 972 3008 1097 3063; x_wconf 91' lang='lat' dir='ltr'>instituta</span> <span class='ocrx_word' id='word_1_236' title='bbox 1109 3018 1266 3073; x_wconf 88' lang='lat' dir='ltr'>reuocante,</span> <span class='ocrx_word' id='word_1_237' title='bbox 1280 3007 1307 3061; x_wconf 94' lang='lat' dir='ltr'>in</span> 
     </span>
     <span class='ocr_line' id='line_1_31' title="bbox 305 3093 1308 3151; baseline 0 -3"><span class='ocrx_word' id='word_1_238' title='bbox 305 3113 361 3148; x_wconf 89' lang='lat' dir='ltr'>una</span> <span class='ocrx_word' id='word_1_239' title='bbox 374 3103 468 3148; x_wconf 90' lang='lat' dir='ltr'>tamen</span> <span class='ocrx_word' id='word_1_240' title='bbox 482 3112 512 3148; x_wconf 91' lang='lat' dir='ltr'>re</span> <span class='ocrx_word' id='word_1_241' title='bbox 524 3111 598 3148; x_wconf 85' lang='lat' dir='ltr'>noua</span> <span class='ocrx_word' id='word_1_242' title='bbox 611 3104 637 3148; x_wconf 91' lang='lat' dir='ltr'>et</span> <span class='ocrx_word' id='word_1_243' title='bbox 652 3093 760 3147; x_wconf 88' lang='lat' dir='ltr'>ciuilem</span> <span class='ocrx_word' id='word_1_244' title='bbox 778 3096 892 3149; x_wconf 93' lang='lat' dir='ltr'>modum</span> <span class='ocrx_word' id='word_1_245' title='bbox 908 3095 1069 3151; x_wconf 89' lang='lat' dir='ltr'>excedentia</span> <span class='ocrx_word' id='word_1_246' title='bbox 1082 3095 1175 3150; x_wconf 90' lang='lat' dir='ltr'>subire</span> <span class='ocrx_word' id='word_1_247' title='bbox 1191 3095 1308 3150; x_wconf 65' lang='lat' dir='ltr'>coacto!</span> 
     </span>
     <span class='ocr_line' id='line_1_32' title="bbox 304 3179 1307 3253; baseline 0.001 -18"><span class='ocrx_word' id='word_1_248' title='bbox 304 3183 406 3251; x_wconf 86' lang='lat' dir='ltr'>ltaque</span> <span class='ocrx_word' id='word_1_249' title='bbox 426 3183 619 3236; x_wconf 80' lang='lat' dir='ltr'>tantummodo</span> <span class='ocrx_word' id='word_1_250' title='bbox 640 3179 742 3236; x_wconf 90' lang='lat' dir='ltr'>rettulit</span> <span class='ocrx_word' id='word_1_251' title='bbox 766 3182 803 3236; x_wconf 91' lang='lat' dir='ltr'>ad</span> <span class='ocrx_word' id='word_1_252' title='bbox 828 3201 913 3236; x_wconf 88' lang='lat' dir='ltr'>unam</span> <span class='ocrx_word' id='word_1_253' title='bbox 937 3182 1013 3237; x_wconf 91' lang='lat' dir='ltr'>illam</span> <span class='ocrx_word' id='word_1_254' title='bbox 1038 3200 1097 3238; x_wconf 91' lang='lat' dir='ltr'>rem</span> <span class='ocrx_word' id='word_1_255' title='bbox 1126 3201 1181 3252; x_wconf 90' lang='lat' dir='ltr'>qua</span> <span class='ocrx_word' id='word_1_256' title='bbox 1205 3183 1307 3253; x_wconf 91' lang='lat' dir='ltr'>populo</span> 
     </span>
     <span class='ocr_line' id='line_1_33' title="bbox 305 3267 1307 3338; baseline 0.002 -17"><span class='ocrx_word' id='word_1_257' title='bbox 305 3269 409 3322; x_wconf 90' lang='lat' dir='ltr'>cedens</span> <span class='ocrx_word' id='word_1_258' title='bbox 434 3267 543 3323; x_wconf 92' lang='lat' dir='ltr'>ciuilem</span> <span class='ocrx_word' id='word_1_259' title='bbox 569 3271 682 3324; x_wconf 89' lang='lat' dir='ltr'>modum</span> <span class='ocrx_word' id='word_1_260' title='bbox 707 3287 834 3338; x_wconf 89' lang='lat' dir='ltr'>egressus</span> <span class='ocrx_word' id='word_1_261' title='bbox 858 3280 917 3337; x_wconf 91' lang='lat' dir='ltr'>est;</span> <span class='ocrx_word' id='word_1_262' title='bbox 950 3271 1126 3325; x_wconf 87' lang='lat' dir='ltr'>consulatum</span> <span class='ocrx_word' id='word_1_263' title='bbox 1150 3269 1224 3324; x_wconf 91' lang='lat' dir='ltr'>enim</span> <span class='ocrx_word' id='word_1_264' title='bbox 1251 3288 1307 3324; x_wconf 91' lang='lat' dir='ltr'>non</span> 
     </span>
     <span class='ocr_line' id='line_1_34' title="bbox 304 3355 1307 3428; baseline 0.005 -20"><span class='ocrx_word' id='word_1_265' title='bbox 304 3355 394 3425; x_wconf 87' lang='lat' dir='ltr'>potuit</span> <span class='ocrx_word' id='word_1_266' title='bbox 409 3355 559 3426; x_wconf 90' lang='lat' dir='ltr'>impetrare</span> <span class='ocrx_word' id='word_1_267' title='bbox 571 3376 588 3411; x_wconf 87' lang='lat' dir='ltr'>a</span> <span class='ocrx_word' id='word_1_268' title='bbox 600 3359 703 3428; x_wconf 91' lang='lat' dir='ltr'>populo</span> <span class='ocrx_word' id='word_1_269' title='bbox 720 3356 786 3428; x_wconf 91' lang='lat' dir='ltr'>quin</span> <span class='ocrx_word' id='word_1_270' title='bbox 806 3357 936 3413; x_wconf 89' lang='lat' dir='ltr'>undecies</span> <span class='ocrx_word' id='word_1_271' title='bbox 953 3367 1069 3428; x_wconf 88' lang='lat' dir='ltr'>gereret,</span> <span class='ocrx_word' id='word_1_272' title='bbox 1083 3356 1210 3427; x_wconf 90' lang='lat' dir='ltr'>quamuis</span> <span class='ocrx_word' id='word_1_273' title='bbox 1223 3375 1307 3428; x_wconf 88' lang='lat' dir='ltr'>saepe</span> 
     </span>
     <span class='ocr_line' id='line_1_35' title="bbox 305 3437 1356 3498; baseline 0.002 -2"><span class='ocrx_word' id='word_1_274' title='bbox 305 3442 485 3498; x_wconf 88' lang='lat' dir='ltr'>obniteretur.</span> <span class='ocrx_word' id='word_1_275' title='bbox 1353 3437 1356 3446; x_wconf 56' lang='lat'><strong>¹</strong></span> 
     </span>
    </p>

    <p class='ocr_par' dir='ltr' id='par_1_10' title="bbox 304 3529 1306 3862">
     <span class='ocr_line' id='line_1_36' title="bbox 342 3529 1306 3601; baseline 0.002 -18"><span class='ocrx_word' id='word_1_276' title='bbox 342 3532 377 3584; x_wconf 93' lang='lat' dir='ltr'>ln</span> <span class='ocrx_word' id='word_1_277' title='bbox 395 3531 440 3586; x_wconf 93' lang='lat' dir='ltr'>his</span> <span class='ocrx_word' id='word_1_278' title='bbox 459 3549 515 3586; x_wconf 93' lang='lat' dir='ltr'>non</span> <span class='ocrx_word' id='word_1_279' title='bbox 535 3529 638 3584; x_wconf 86' lang='lat' dir='ltr'>infitior</span> <span class='ocrx_word' id='word_1_280' title='bbox 654 3531 736 3584; x_wconf 90' lang='lat' dir='ltr'>ualde</span> <span class='ocrx_word' id='word_1_281' title='bbox 755 3530 822 3584; x_wconf 91' lang='lat' dir='ltr'>mihi</span> <span class='ocrx_word' id='word_1_282' title='bbox 841 3530 985 3601; x_wconf 90' lang='lat' dir='ltr'>displicere</span> <span class='ocrx_word' id='word_1_283' title='bbox 1003 3551 1059 3586; x_wconf 85' lang='lat' dir='ltr'>non</span> <span class='ocrx_word' id='word_1_284' title='bbox 1081 3541 1178 3586; x_wconf 86' lang='lat' dir='ltr'>contra</span> <span class='ocrx_word' id='word_1_285' title='bbox 1196 3530 1306 3586; x_wconf 91' lang='lat' dir='ltr'>codices</span> 
     </span>
     <span class='ocr_line' id='line_1_37' title="bbox 304 3615 1304 3687; baseline 0.004 -19"><span class='ocrx_word' id='word_1_286' title='bbox 304 3615 443 3686; x_wconf 91' lang='lat' dir='ltr'>ingestum</span> <span class='ocrx_word' id='word_1_287' title='bbox 465 3637 483 3673; x_wconf 90' lang='lat' dir='ltr'>a</span> <span class='ocrx_word' id='word_1_288' title='bbox 507 3617 646 3684; x_wconf 90' lang='lat' dir='ltr'>Maduico,</span> <span class='ocrx_word' id='word_1_289' title='bbox 660 3617 823 3687; x_wconf 89' lang='lat' dir='ltr'>praesertim</span> <span class='ocrx_word' id='word_1_290' title='bbox 843 3618 911 3672; x_wconf 88' lang='lat' dir='ltr'>citra</span> <span class='ocrx_word' id='word_1_291' title='bbox 929 3619 1134 3687; x_wconf 87' lang='lat' dir='ltr'>necessitatem,</span> <span class='ocrx_word' id='word_1_292' title='bbox 1155 3637 1218 3673; x_wconf 87' lang='lat' dir='ltr'>curn</span> <span class='ocrx_word' id='word_1_293' title='bbox 1238 3619 1304 3673; x_wconf 90' lang='lat' dir='ltr'>satis</span> 
     </span>
     <span class='ocr_line' id='line_1_38' title="bbox 306 3703 1306 3776; baseline 0 -18"><span class='ocrx_word' id='word_1_294' title='bbox 306 3703 456 3774; x_wconf 89' lang='lat' dir='ltr'>explicetur</span> <span class='ocrx_word' id='word_1_295' title='bbox 476 3709 628 3775; x_wconf 77' lang='lat' dir='ltr'>impetrare</span> <span class='ocrx_word' id='word_1_296' title='bbox 647 3707 744 3774; x_wconf 78' lang='lat' dir='ltr'>potuit</span> <span class='ocrx_word' id='word_1_297' title='bbox 762 3722 795 3758; x_wconf 91' lang='lat' dir='ltr'>ex</span> <span class='ocrx_word' id='word_1_298' title='bbox 818 3705 951 3760; x_wconf 89' lang='lat' dir='ltr'>aduerbio</span> <span class='ocrx_word' id='word_1_299' title='bbox 973 3707 1173 3773; x_wconf 78' lang='lat' dir='ltr'>tantummodo,</span> <span class='ocrx_word' id='word_1_300' title='bbox 1199 3705 1226 3760; x_wconf 92' lang='lat' dir='ltr'>in</span> <span class='ocrx_word' id='word_1_301' title='bbox 1250 3723 1306 3776; x_wconf 91' lang='lat' dir='ltr'>quo</span> 
     </span>
     <span class='ocr_line' id='line_1_39' title="bbox 305 3789 1306 3862; baseline 0 -17"><span class='ocrx_word' id='word_1_302' title='bbox 305 3794 373 3848; x_wconf 89' lang='lat' dir='ltr'>latet</span> <span class='ocrx_word' id='word_1_303' title='bbox 396 3792 515 3862; x_wconf 86' lang='lat' dir='ltr'>negatio.</span> <span class='ocrx_word' id='word_1_304' title='bbox 553 3791 698 3848; x_wconf 85' lang='lat' dir='ltr'>Sententia</span> <span class='ocrx_word' id='word_1_305' title='bbox 720 3789 794 3846; x_wconf 91' lang='lat' dir='ltr'>enim</span> <span class='ocrx_word' id='word_1_306' title='bbox 811 3802 854 3846; x_wconf 92' lang='lat' dir='ltr'>est</span> <span class='ocrx_word' id='word_1_307' title='bbox 875 3791 918 3846; x_wconf 91' lang='lat' dir='ltr'>‘in</span> <span class='ocrx_word' id='word_1_308' title='bbox 944 3791 1014 3862; x_wconf 90' lang='lat' dir='ltr'>spite</span> <span class='ocrx_word' id='word_1_309' title='bbox 1040 3795 1070 3847; x_wconf 84' lang='lat' dir='ltr'>of</span> <span class='ocrx_word' id='word_1_310' title='bbox 1090 3793 1132 3848; x_wconf 91' lang='lat' dir='ltr'>his</span> <span class='ocrx_word' id='word_1_311' title='bbox 1158 3804 1306 3849; x_wconf 89' lang='lat' dir='ltr'>strenuous</span> 
     </span>
    </p>
   </div>
   <div class='ocr_carea' id='block_1_5' title="bbox 783 3923 827 3970">
    <p class='ocr_par' dir='ltr' id='par_1_11' title="bbox 783 3923 827 3970">
     <span class='ocr_line' id='line_1_40' title="bbox 783 3923 827 3970; baseline 0 -14"><span class='ocrx_word' id='word_1_312' title='bbox 783 3923 827 3970; x_wconf 82' lang='lat'>17²</span> 
     </span>
    </p>
   </div>
   <div class='ocr_carea' id='block_1_6' title="bbox 0 0 1516 4568">
    <p class='ocr_par' dir='ltr' id='par_1_12' title="bbox 0 0 1516 4568">
     <span class='ocr_line' id='line_1_41' title="bbox 0 0 1516 4568; baseline 0 3"><span class='ocrx_word' id='word_1_313' title='bbox 0 0 1516 4568; x_wconf 95' lang='lat' dir='ltr'> </span> 
     </span>
    </p>
   </div>
  </div>
 </body>
</html>
