<?xml version="1.0" encoding="UTF-8"?>
<!DOCTYPE html PUBLIC "-//W3C//DTD XHTML 1.0 Transitional//EN"
    "http://www.w3.org/TR/xhtml1/DTD/xhtml1-transitional.dtd">
<html xmlns="http://www.w3.org/1999/xhtml" xml:lang="en" lang="en">
 <head>
  <title>
</title>
<meta http-equiv="Content-Type" content="text/html;charset=utf-8" />
  <meta name='ocr-system' content='tesseract 3.04.00' />
  <meta name='ocr-capabilities' content='ocr_page ocr_carea ocr_par ocr_line ocrx_word'/>
</head>
<body>
  <div class='ocr_page' id='page_1' title='image "./velleipaterculi00elligoog_0223.png"; bbox 0 0 3024 4568; ppageno 0'>
   <div class='ocr_carea' id='block_1_1' title="bbox 692 429 905 489">
    <p class='ocr_par' dir='ltr' id='par_1_1' title="bbox 692 429 905 489">
     <span class='ocr_line' id='line_1_1' title="bbox 692 429 905 489; baseline 0.014 -3"><span class='ocrx_word' id='word_1_1' title='bbox 692 429 905 489; x_wconf 89' lang='lat' dir='ltr'>ADDENDA</span> 
     </span>
    </p>
   </div>
   <div class='ocr_carea' id='block_1_2' title="bbox 297 593 1336 1364">
    <p class='ocr_par' dir='ltr' id='par_1_2' title="bbox 302 593 1299 752">
     <span class='ocr_line' id='line_1_2' title="bbox 337 593 1299 667; baseline 0.001 -16"><span class='ocrx_word' id='word_1_2' title='bbox 337 613 357 665; x_wconf 85' lang='lat'><strong>9</strong></span> <span class='ocrx_word' id='word_1_3' title='bbox 373 609 384 651; x_wconf 90' lang='lat'>1</span> <span class='ocrx_word' id='word_1_4' title='bbox 405 593 515 651; x_wconf 74' lang='lat' dir='ltr'><em>s&#39;cribit:</em></span> <span class='ocrx_word' id='word_1_5' title='bbox 535 601 570 650; x_wconf 88' lang='lat' dir='ltr'><em>at</em></span> <span class='ocrx_word' id='word_1_6' title='bbox 583 593 750 663; x_wconf 89' lang='lat' dir='ltr'><em>plerumque</em></span> <span class='ocrx_word' id='word_1_7' title='bbox 768 596 899 663; x_wconf 87' lang='lat' dir='ltr'><em>superior</em></span> <span class='ocrx_word' id='word_1_8' title='bbox 903 596 972 666; x_wconf 89' lang='lat' dir='ltr'><em>suit</em></span> <span class='ocrx_word' id='word_1_9' title='bbox 986 613 1174 666; x_wconf 80' lang='lat' dir='ltr'><em>magnumque</em></span> <span class='ocrx_word' id='word_1_10' title='bbox 1184 601 1299 667; x_wconf 87' lang='lat' dir='ltr'><em>partem</em></span> 
     </span>
     <span class='ocr_line' id='line_1_3' title="bbox 302 683 1074 752; baseline 0 -14"><span class='ocrx_word' id='word_1_11' title='bbox 302 685 435 739; x_wconf 75' lang='lat' dir='ltr'><em>Graeciae</em></span> <span class='ocrx_word' id='word_1_12' title='bbox 446 685 478 738; x_wconf 91' lang='lat' dir='ltr'><em>in</em></span> <span class='ocrx_word' id='word_1_13' title='bbox 490 685 646 739; x_wconf 88' lang='lat' dir='ltr'><em>societatem</em></span> <span class='ocrx_word' id='word_1_14' title='bbox 658 699 738 736; x_wconf 90' lang='lat' dir='ltr'><em>suom</em></span> <span class='ocrx_word' id='word_1_15' title='bbox 746 683 934 751; x_wconf 80' lang='lat' dir='ltr'><em>perducere</em></span> <span class='ocrx_word' id='word_1_16' title='bbox 950 685 1074 752; x_wconf 91' lang='lat' dir='ltr'><em>quiuit.</em></span> 
     </span>
    </p>

    <p class='ocr_par' dir='ltr' id='par_1_3' title="bbox 300 769 1301 929">
     <span class='ocr_line' id='line_1_4' title="bbox 335 769 1301 840; baseline -0.002 -14"><span class='ocrx_word' id='word_1_17' title='bbox 335 786 404 840; x_wconf 86' lang='lat'><em>104</em></span> <span class='ocrx_word' id='word_1_18' title='bbox 427 781 493 827; x_wconf 81' lang='lat' dir='ltr'><em>ante</em></span> <span class='ocrx_word' id='word_1_19' title='bbox 511 771 636 825; x_wconf 78' lang='lat' dir='ltr'><em>ordinem</em></span> <span class='ocrx_word' id='word_1_20' title='bbox 655 786 718 824; x_wconf 89' lang='lat' dir='ltr'><em>cum</em></span> <span class='ocrx_word' id='word_1_21' title='bbox 738 772 771 823; x_wconf 90' lang='lat' dir='ltr'><em>iu</em></span> <span class='ocrx_word' id='word_1_22' title='bbox 792 769 827 824; x_wconf 91' lang='lat' dir='ltr'><em>sit</em></span> <span class='ocrx_word' id='word_1_23' title='bbox 846 769 874 822; x_wconf 92' lang='lat' dir='ltr'><em>in</em></span> <span class='ocrx_word' id='word_1_24' title='bbox 891 771 930 838; x_wconf 88' lang='grc' dir='ltr'><em>Α,</em></span> <span class='ocrx_word' id='word_1_25' title='bbox 950 772 1003 825; x_wconf 91' lang='lat' dir='ltr'><em>hoc</em></span> <span class='ocrx_word' id='word_1_26' title='bbox 1025 771 1179 826; x_wconf 88' lang='lat' dir='ltr'><em>Schoellius</em></span> <span class='ocrx_word' id='word_1_27' title='bbox 1197 791 1232 826; x_wconf 88' lang='lat' dir='ltr'><em>ex</em></span> <span class='ocrx_word' id='word_1_28' title='bbox 1253 785 1301 825; x_wconf 80' lang='lat' dir='ltr'><em>Vll</em></span> 
     </span>
     <span class='ocr_line' id='line_1_5' title="bbox 300 855 1115 929; baseline 0.002 -17"><span class='ocrx_word' id='word_1_29' title='bbox 300 860 377 929; x_wconf 88' lang='lat' dir='ltr'><em>(onte</em></span> <span class='ocrx_word' id='word_1_30' title='bbox 388 858 530 928; x_wconf 80' lang='lat' dir='ltr'><em>triumphi</em></span> <span class='ocrx_word' id='word_1_31' title='bbox 538 857 611 912; x_wconf 90' lang='lat' dir='ltr'><em>diem</em></span> <span class='ocrx_word' id='word_1_32' title='bbox 623 855 783 928; x_wconf 86' lang='lat' dir='ltr'><em>septimum)</em></span> <span class='ocrx_word' id='word_1_33' title='bbox 796 867 957 929; x_wconf 89' lang='lat' dir='ltr'><em>corruptum</em></span> <span class='ocrx_word' id='word_1_34' title='bbox 969 857 1115 914; x_wconf 81' lang='lat' dir='ltr'><em>existimat.</em></span> 
     </span>
    </p>

    <p class='ocr_par' dir='ltr' id='par_1_4' title="bbox 297 944 1336 1364">
     <span class='ocr_line' id='line_1_6' title="bbox 335 944 1336 1016; baseline -0.003 -14"><span class='ocrx_word' id='word_1_35' title='bbox 335 963 367 1002; x_wconf 80' lang='lat'><em>12</em></span> <span class='ocrx_word' id='word_1_36' title='bbox 379 947 426 1000; x_wconf 89' lang='lat' dir='ltr'><em>fin.</em></span> <span class='ocrx_word' id='word_1_37' title='bbox 445 945 600 1002; x_wconf 86' lang='lat' dir='ltr'><em>Schoellius</em></span> <span class='ocrx_word' id='word_1_38' title='bbox 621 945 731 1001; x_wconf 88' lang='lat' dir='ltr'>scribit:</span> <span class='ocrx_word' id='word_1_39' title='bbox 759 946 887 999; x_wconf 87' lang='lat' dir='ltr'><em>simodo</em></span> <span class='ocrx_word' id='word_1_40' title='bbox 906 944 1029 1016; x_wconf 86' lang='lat' dir='ltr'><em>(umbro)</em></span> <span class='ocrx_word' id='word_1_41' title='bbox 1051 963 1172 1016; x_wconf 82' lang='lat' dir='ltr'><em>usquam</em></span> <span class='ocrx_word' id='word_1_42' title='bbox 1195 947 1298 1001; x_wconf 89' lang='lat' dir='ltr'><em>stantis</em></span> <span class='ocrx_word' id='word_1_43' title='bbox 1333 1007 1336 1012; x_wconf 50' lang='lat'><em>.</em></span> 
     </span>
     <span class='ocr_line' id='line_1_7' title="bbox 298 1031 1298 1103; baseline -0.002 -15"><span class='ocrx_word' id='word_1_44' title='bbox 298 1039 423 1089; x_wconf 87' lang='lat' dir='ltr'><em>moneret</em></span> <span class='ocrx_word' id='word_1_45' title='bbox 436 1032 628 1103; x_wconf 81' lang='lat' dir='ltr'><em>Carthaginis.</em></span> <span class='ocrx_word' id='word_1_46' title='bbox 666 1033 724 1087; x_wconf 91' lang='lat' dir='ltr'><em>Illis</em></span> <span class='ocrx_word' id='word_1_47' title='bbox 742 1041 837 1088; x_wconf 88' lang='lat' dir='ltr'><em>autem</em></span> <span class='ocrx_word' id='word_1_48' title='bbox 849 1033 885 1088; x_wconf 90' lang='lat' dir='ltr'><em>de</em></span> <span class='ocrx_word' id='word_1_49' title='bbox 897 1031 998 1103; x_wconf 88' lang='lat' dir='ltr'><em>quibu&#39;s</em></span> <span class='ocrx_word' id='word_1_50' title='bbox 1013 1035 1133 1089; x_wconf 90' lang='lat' dir='ltr'><em>multum</em></span> <span class='ocrx_word' id='word_1_51' title='bbox 1147 1031 1298 1103; x_wconf 87' lang='lat' dir='ltr'><em>ambigitur</em></span> 
     </span>
     <span class='ocr_line' id='line_1_8' title="bbox 298 1120 1296 1176; baseline -0.002 0"><span class='ocrx_word' id='word_1_52' title='bbox 298 1122 366 1176; x_wconf 87' lang='lat' dir='ltr'><em>adeo</em></span> <span class='ocrx_word' id='word_1_53' title='bbox 386 1123 481 1176; x_wconf 79' lang='lat' dir='ltr'><em>odium</em></span> <span class='ocrx_word' id='word_1_54' title='bbox 498 1120 696 1176; x_wconf 81' lang='lat' dir='ltr'><em>certaminibus</em></span> <span class='ocrx_word' id='word_1_55' title='bbox 716 1125 810 1175; x_wconf 90' lang='lat' dir='ltr'><em>ortum</em></span> <span class='ocrx_word' id='word_1_56' title='bbox 830 1122 910 1175; x_wconf 87' lang='lat' dir='ltr'><em>ultro</em></span> <span class='ocrx_word' id='word_1_57' title='bbox 930 1126 1035 1175; x_wconf 90' lang='lat' dir='ltr'><em>metum</em></span> <span class='ocrx_word' id='word_1_58' title='bbox 1054 1122 1145 1176; x_wconf 86' lang='lat' dir='ltr'><em>durat</em></span> <span class='ocrx_word' id='word_1_59' title='bbox 1162 1127 1245 1176; x_wconf 85' lang='lat' dir='ltr'><em>etue</em></span> <span class='ocrx_word' id='word_1_60' title='bbox 1264 1123 1296 1174; x_wconf 88' lang='lat' dir='ltr'><em>in</em></span> 
     </span>
     <span class='ocr_line' id='line_1_9' title="bbox 297 1207 1296 1279; baseline -0.003 -15"><span class='ocrx_word' id='word_1_61' title='bbox 297 1211 383 1264; x_wconf 89' lang='lat' dir='ltr'><em>uictis</em></span> <span class='ocrx_word' id='word_1_62' title='bbox 393 1209 504 1278; x_wconf 86' lang='lat' dir='ltr'><em>quidem</em></span> <span class='ocrx_word' id='word_1_63' title='bbox 516 1207 668 1279; x_wconf 76' lang='lat' dir='ltr'><em>deponitur</em></span> <span class='ocrx_word' id='word_1_64' title='bbox 677 1224 765 1278; x_wconf 89' lang='lat' dir='ltr'><em>neque</em></span> <span class='ocrx_word' id='word_1_65' title='bbox 779 1213 846 1262; x_wconf 87' lang='lat' dir='ltr'><em>ante</em></span> <span class='ocrx_word' id='word_1_66' title='bbox 859 1207 1006 1266; x_wconf 71' lang='lat' dir='ltr'><em>iinuisum</em></span> <span class='ocrx_word' id='word_1_67' title='bbox 1021 1225 1077 1262; x_wconf 89' lang='lat' dir='ltr'><em>esse</em></span> <span class='ocrx_word' id='word_1_68' title='bbox 1095 1209 1200 1264; x_wconf 88' lang='lat' dir='ltr'><em>desinit</em></span> <span class='ocrx_word' id='word_1_69' title='bbox 1210 1225 1296 1278; x_wconf 90' lang='lat' dir='ltr'><em>quam</em></span> 
     </span>
     <span class='ocr_line' id='line_1_10' title="bbox 297 1293 1297 1364; baseline 0 -14"><span class='ocrx_word' id='word_1_70' title='bbox 297 1314 354 1350; x_wconf 91' lang='lat' dir='ltr'><em>esse</em></span> <span class='ocrx_word' id='word_1_71' title='bbox 364 1297 448 1350; x_wconf 86' lang='lat' dir='ltr'><em>desiit</em></span> <span class='ocrx_word' id='word_1_72' title='bbox 459 1294 499 1352; x_wconf 90' lang='lat' dir='ltr'><em>sic</em></span> <span class='ocrx_word' id='word_1_73' title='bbox 510 1293 674 1364; x_wconf 88' lang='lat' dir='ltr'><em>opitulatum</em></span> <span class='ocrx_word' id='word_1_74' title='bbox 692 1294 722 1349; x_wconf 91' lang='lat' dir='ltr'><em>iit</em></span> <span class='ocrx_word' id='word_1_75' title='bbox 736 1305 767 1350; x_wconf 89' lang='lat' dir='ltr'><em>ut</em></span> <span class='ocrx_word' id='word_1_76' title='bbox 781 1298 907 1350; x_wconf 81' lang='lat' dir='ltr'><em>inuisum</em></span> <span class='ocrx_word' id='word_1_77' title='bbox 919 1313 975 1350; x_wconf 93' lang='lat' dir='ltr'><em>esse</em></span> <span class='ocrx_word' id='word_1_78' title='bbox 991 1296 1196 1352; x_wconf 84' lang='lat' dir='ltr'><em>substantiuum</em></span> <span class='ocrx_word' id='word_1_79' title='bbox 1212 1295 1297 1350; x_wconf 81' lang='lat' dir='ltr'><em>iaciat</em></span> 
     </span>
    </p>
   </div>
   <div class='ocr_carea' id='block_1_3' title="bbox 297 1381 1484 1460">
    <p class='ocr_par' dir='ltr' id='par_1_5' title="bbox 297 1381 1484 1460">
     <span class='ocr_line' id='line_1_11' title="bbox 297 1381 1484 1460; baseline -0.002 -20"><span class='ocrx_word' id='word_1_80' title='bbox 297 1394 327 1440; x_wconf 87' lang='lat' dir='ltr'><em>et</em></span> <span class='ocrx_word' id='word_1_81' title='bbox 340 1384 501 1450; x_wconf 88' lang='lat' dir='ltr'><em>subiectum,</em></span> <span class='ocrx_word' id='word_1_82' title='bbox 514 1381 590 1454; x_wconf 92' lang='lat' dir='ltr'><em>quod</em></span> <span class='ocrx_word' id='word_1_83' title='bbox 607 1381 711 1450; x_wconf 90' lang='lat' dir='ltr'><em>dicunt,</em></span> <span class='ocrx_word' id='word_1_84' title='bbox 724 1383 893 1438; x_wconf 85' lang='lat' dir='ltr'><em>sententiae:</em></span> <span class='ocrx_word' id='word_1_85' title='bbox 912 1383 957 1439; x_wconf 89' lang='lat' dir='ltr'><em>‘to</em></span> <span class='ocrx_word' id='word_1_86' title='bbox 974 1385 1010 1439; x_wconf 88' lang='lat' dir='ltr'><em>be</em></span> <span class='ocrx_word' id='word_1_87' title='bbox 1022 1383 1108 1440; x_wconf 87' lang='lat' dir='ltr'>hated</span> <span class='ocrx_word' id='word_1_88' title='bbox 1120 1385 1187 1453; x_wconf 88' lang='lat' dir='ltr'><em>only</em></span> <span class='ocrx_word' id='word_1_89' title='bbox 1199 1400 1296 1438; x_wconf 87' lang='lat' dir='ltr'><em>ceases</em></span> <span class='ocrx_word' id='word_1_90' title='bbox 1370 1453 1374 1460; x_wconf 24' lang='grc' dir='ltr'>ι</span> <span class='ocrx_word' id='word_1_91' title='bbox 1478 1401 1484 1410; x_wconf 87' lang='grc'><em>·</em></span> 
     </span>
    </p>
   </div>
   <div class='ocr_carea' id='block_1_4' title="bbox 294 1469 1296 2684">
    <p class='ocr_par' dir='ltr' id='par_1_6' title="bbox 298 1469 1250 1542">
     <span class='ocr_line' id='line_1_12' title="bbox 298 1469 1250 1542; baseline -0.001 -15"><span class='ocrx_word' id='word_1_92' title='bbox 298 1472 364 1528; x_wconf 86' lang='lat' dir='ltr'><em>with</em></span> <span class='ocrx_word' id='word_1_93' title='bbox 375 1471 530 1528; x_wconf 67' lang='lat' dir='ltr'><em>existence!</em></span> <span class='ocrx_word' id='word_1_94' title='bbox 567 1469 650 1540; x_wconf 82' lang='lat' dir='ltr'><em>Quod</em></span> <span class='ocrx_word' id='word_1_95' title='bbox 662 1469 729 1524; x_wconf 89' lang='lat' dir='ltr'><em>mihi</em></span> <span class='ocrx_word' id='word_1_96' title='bbox 741 1469 854 1542; x_wconf 88' lang='lat' dir='ltr'><em>quidem</em></span> <span class='ocrx_word' id='word_1_97' title='bbox 866 1469 1002 1526; x_wconf 88' lang='lat' dir='ltr'><em>difficilius</em></span> <span class='ocrx_word' id='word_1_98' title='bbox 1014 1471 1120 1528; x_wconf 88' lang='lat' dir='ltr'><em>dictum</em></span> <span class='ocrx_word' id='word_1_99' title='bbox 1132 1471 1250 1526; x_wconf 88' lang='lat' dir='ltr'><em>uidetur.</em></span> 
     </span>
    </p>

    <p class='ocr_par' dir='ltr' id='par_1_7' title="bbox 294 1559 1296 1806">
     <span class='ocr_line' id='line_1_13' title="bbox 332 1559 1296 1630; baseline -0.002 -16"><span class='ocrx_word' id='word_1_100' title='bbox 332 1562 397 1630; x_wconf 80' lang='lat'><em>163</em></span> <span class='ocrx_word' id='word_1_101' title='bbox 415 1575 451 1614; x_wconf 88' lang='lat' dir='ltr'><em>oc</em></span> <span class='ocrx_word' id='word_1_102' title='bbox 465 1575 569 1612; x_wconf 89' lang='lat' dir='ltr'><em>nouom</em></span> <span class='ocrx_word' id='word_1_103' title='bbox 587 1559 718 1614; x_wconf 83' lang='lat' dir='ltr'><em>comicum</em></span> <span class='ocrx_word' id='word_1_104' title='bbox 736 1559 897 1613; x_wconf 86' lang='lat' dir='ltr'><em>Menander</em></span> <span class='ocrx_word' id='word_1_105' title='bbox 914 1560 1097 1629; x_wconf 86' lang='lat' dir='ltr'><em>aequalesque</em></span> <span class='ocrx_word' id='word_1_106' title='bbox 1113 1561 1174 1614; x_wconf 86' lang='lat' dir='ltr'><em>eius</em></span> <span class='ocrx_word' id='word_1_107' title='bbox 1194 1559 1296 1613; x_wconf 85' lang='lat' dir='ltr'><em>aetatis</em></span> 
     </span>
     <span class='ocr_line' id='line_1_14' title="bbox 297 1644 1294 1719; baseline -0.002 -17"><span class='ocrx_word' id='word_1_108' title='bbox 297 1651 389 1719; x_wconf 82' lang='lat' dir='ltr'><em>magis</em></span> <span class='ocrx_word' id='word_1_109' title='bbox 411 1663 498 1717; x_wconf 90' lang='lat' dir='ltr'><em>quom</em></span> <span class='ocrx_word' id='word_1_110' title='bbox 522 1646 613 1716; x_wconf 72' lang='lat' dir='ltr'><em>opens</em></span> <span class='ocrx_word' id='word_1_111' title='bbox 636 1644 765 1699; x_wconf 80' lang='lat' dir='ltr'><em>Philemo</em></span> <span class='ocrx_word' id='word_1_112' title='bbox 792 1650 820 1700; x_wconf 89' lang='lat' dir='ltr'><em>et</em></span> <span class='ocrx_word' id='word_1_113' title='bbox 842 1645 981 1716; x_wconf 77' lang='lat' dir='ltr'><em>Diphilus</em></span> <span class='ocrx_word' id='word_1_114' title='bbox 1006 1651 1034 1700; x_wconf 88' lang='lat' dir='ltr'><em>et</em></span> <span class='ocrx_word' id='word_1_115' title='bbox 1059 1649 1191 1701; x_wconf 90' lang='lat' dir='ltr'><em>inuenere</em></span> <span class='ocrx_word' id='word_1_116' title='bbox 1214 1647 1294 1700; x_wconf 88' lang='lat' dir='ltr'><em>intro</em></span> 
     </span>
     <span class='ocr_line' id='line_1_15' title="bbox 294 1734 983 1806; baseline -0.004 -15"><span class='ocrx_word' id='word_1_117' title='bbox 294 1738 478 1806; x_wconf 86' lang='lat' dir='ltr'><em>paucissimos</em></span> <span class='ocrx_word' id='word_1_118' title='bbox 489 1749 578 1788; x_wconf 88' lang='lat' dir='ltr'><em>anuos</em></span> <span class='ocrx_word' id='word_1_119' title='bbox 590 1749 678 1802; x_wconf 89' lang='lat' dir='ltr'><em>neque</em></span> <span class='ocrx_word' id='word_1_120' title='bbox 688 1734 828 1788; x_wconf 89' lang='lat' dir='ltr'><em>imitando</em></span> <span class='ocrx_word' id='word_1_121' title='bbox 840 1735 983 1802; x_wconf 90' lang='lat' dir='ltr'><em>reliquere.</em></span> 
     </span>
    </p>

    <p class='ocr_par' dir='ltr' id='par_1_8' title="bbox 296 1819 1295 2329">
     <span class='ocr_line' id='line_1_16' title="bbox 334 1819 1294 1878; baseline -0.004 0"><span class='ocrx_word' id='word_1_122' title='bbox 334 1825 368 1878; x_wconf 94' lang='lat' dir='ltr'><em>In</em></span> <span class='ocrx_word' id='word_1_123' title='bbox 380 1822 424 1878; x_wconf 91' lang='lat' dir='ltr'><em>his</em></span> <span class='ocrx_word' id='word_1_124' title='bbox 438 1819 588 1876; x_wconf 85' lang='lat' dir='ltr'><em>Heinsium</em></span> <span class='ocrx_word' id='word_1_125' title='bbox 602 1829 715 1875; x_wconf 86' lang='lat' dir='ltr'><em>secutus</em></span> <span class='ocrx_word' id='word_1_126' title='bbox 729 1837 805 1874; x_wconf 89' lang='lat' dir='ltr'><em>nouo</em></span> <span class='ocrx_word' id='word_1_127' title='bbox 823 1823 926 1876; x_wconf 87' lang='lat' dir='ltr'><em>comico</em></span> <span class='ocrx_word' id='word_1_128' title='bbox 946 1821 1101 1876; x_wconf 89' lang='lat' dir='ltr'><em>Schoellius</em></span> <span class='ocrx_word' id='word_1_129' title='bbox 1116 1820 1294 1876; x_wconf 89' lang='lat' dir='ltr'><em>scribendum</em></span> 
     </span>
     <span class='ocr_line' id='line_1_17' title="bbox 297 1909 1295 1984; baseline -0.004 -18"><span class='ocrx_word' id='word_1_130' title='bbox 297 1920 384 1984; x_wconf 89' lang='lat' dir='ltr'><em>putat,</em></span> <span class='ocrx_word' id='word_1_131' title='bbox 397 1927 462 1965; x_wconf 89' lang='lat' dir='ltr'><em>cum</em></span> <span class='ocrx_word' id='word_1_132' title='bbox 480 1926 537 1964; x_wconf 92' lang='lat' dir='ltr'><em>non</em></span> <span class='ocrx_word' id='word_1_133' title='bbox 555 1911 645 1980; x_wconf 90' lang='lat' dir='ltr'><em>lyrico</em></span> <span class='ocrx_word' id='word_1_134' title='bbox 663 1910 753 1964; x_wconf 89' lang='lat' dir='ltr'><em>solum</em></span> <span class='ocrx_word' id='word_1_135' title='bbox 771 1917 845 1965; x_wconf 85' lang='lat' dir='ltr'><em>extet</em></span> <span class='ocrx_word' id='word_1_136' title='bbox 863 1927 909 1979; x_wconf 93' lang='lat' dir='ltr'><em>ap.</em></span> <span class='ocrx_word' id='word_1_137' title='bbox 923 1909 993 1964; x_wconf 88' lang='lat' dir='ltr'><em>Plin.</em></span> <span class='ocrx_word' id='word_1_138' title='bbox 1007 1911 1060 1980; x_wconf 91' lang='lat' dir='ltr'><em>Ep.</em></span> <span class='ocrx_word' id='word_1_139' title='bbox 1073 1909 1109 1966; x_wconf 88' lang='lat' dir='ltr'><em>iii.</em></span> <span class='ocrx_word' id='word_1_140' title='bbox 1124 1925 1147 1964; x_wconf 88' lang='lat'><em>1.</em></span> <span class='ocrx_word' id='word_1_141' title='bbox 1161 1923 1187 1977; x_wconf 91' lang='lat'><em>7,</em></span> <span class='ocrx_word' id='word_1_142' title='bbox 1199 1911 1250 1965; x_wconf 89' lang='lat' dir='ltr'><em>sed</em></span> <span class='ocrx_word' id='word_1_143' title='bbox 1266 1918 1295 1963; x_wconf 89' lang='lat' dir='ltr'><em>et</em></span> 
     </span>
     <span class='ocr_line' id='line_1_18' title="bbox 297 1995 1294 2070; baseline -0.003 -16"><span class='ocrx_word' id='word_1_144' title='bbox 297 2001 409 2070; x_wconf 82' lang='lat' dir='ltr'><em>tragico</em></span> <span class='ocrx_word' id='word_1_145' title='bbox 424 2008 453 2053; x_wconf 88' lang='lat' dir='ltr'><em>et</em></span> <span class='ocrx_word' id='word_1_146' title='bbox 470 1999 581 2066; x_wconf 87' lang='lat' dir='ltr'><em>comico,</em></span> <span class='ocrx_word' id='word_1_147' title='bbox 596 2005 627 2052; x_wconf 90' lang='lat' dir='ltr'><em>et</em></span> <span class='ocrx_word' id='word_1_148' title='bbox 644 1997 698 2051; x_wconf 88' lang='lat' dir='ltr'><em>hoc</em></span> <span class='ocrx_word' id='word_1_149' title='bbox 714 1995 826 2068; x_wconf 85' lang='lat' dir='ltr'><em>quidem</em></span> <span class='ocrx_word' id='word_1_150' title='bbox 842 2014 887 2066; x_wconf 92' lang='lat' dir='ltr'><em>ap.</em></span> <span class='ocrx_word' id='word_1_151' title='bbox 901 1998 992 2069; x_wconf 88' lang='lat' dir='ltr'><em>Apoll.</em></span> <span class='ocrx_word' id='word_1_152' title='bbox 1005 1997 1102 2052; x_wconf 89' lang='lat' dir='ltr'><em>Sidon.</em></span> <span class='ocrx_word' id='word_1_153' title='bbox 1113 2015 1137 2052; x_wconf 93' lang='lat' dir='ltr'><em>c.</em></span> <span class='ocrx_word' id='word_1_154' title='bbox 1149 1995 1218 2053; x_wconf 77' lang='lat' dir='ltr'><em>roriii.</em></span> <span class='ocrx_word' id='word_1_155' title='bbox 1237 2008 1294 2064; x_wconf 91' lang='lat'><em>147.</em></span> 
     </span>
     <span class='ocr_line' id='line_1_19' title="bbox 299 2083 1294 2156; baseline -0.004 -15"><span class='ocrx_word' id='word_1_156' title='bbox 299 2090 334 2141; x_wconf 94' lang='lat' dir='ltr'><em>In</em></span> <span class='ocrx_word' id='word_1_157' title='bbox 352 2085 449 2142; x_wconf 88' lang='lat' dir='ltr'><em>ceteris</em></span> <span class='ocrx_word' id='word_1_158' title='bbox 464 2101 575 2140; x_wconf 89' lang='lat' dir='ltr'><em>mecum</em></span> <span class='ocrx_word' id='word_1_159' title='bbox 594 2083 676 2140; x_wconf 85' lang='lat' dir='ltr'><em>facit:</em></span> <span class='ocrx_word' id='word_1_160' title='bbox 704 2101 771 2139; x_wconf 87' lang='lat' dir='ltr'><em>nam</em></span> <span class='ocrx_word' id='word_1_161' title='bbox 789 2085 865 2156; x_wconf 87' lang='lat' dir='ltr'><em>quod</em></span> <span class='ocrx_word' id='word_1_162' title='bbox 885 2083 1008 2139; x_wconf 84' lang='lat' dir='ltr'><em>Haasius</em></span> <span class='ocrx_word' id='word_1_163' title='bbox 1023 2095 1052 2140; x_wconf 89' lang='lat' dir='ltr'><em>et</em></span> <span class='ocrx_word' id='word_1_164' title='bbox 1072 2085 1219 2139; x_wconf 83' lang='lat' dir='ltr'><em>Maduicus</em></span> <span class='ocrx_word' id='word_1_165' title='bbox 1237 2101 1294 2138; x_wconf 90' lang='lat' dir='ltr'><em>non</em></span> 
     </span>
     <span class='ocr_line' id='line_1_20' title="bbox 296 2172 1294 2245; baseline -0.002 -16"><span class='ocrx_word' id='word_1_166' title='bbox 296 2186 345 2230; x_wconf 86' lang='lat' dir='ltr'><em>aut</em></span> <span class='ocrx_word' id='word_1_167' title='bbox 361 2185 427 2245; x_wconf 90' lang='lat' dir='ltr'><em>post</em></span> <span class='ocrx_word' id='word_1_168' title='bbox 443 2177 543 2228; x_wconf 86' lang='lat' dir='ltr'><em>aetolis</em></span> <span class='ocrx_word' id='word_1_169' title='bbox 560 2182 609 2228; x_wconf 90' lang='lat' dir='ltr'><em>aut</em></span> <span class='ocrx_word' id='word_1_170' title='bbox 626 2184 692 2229; x_wconf 87' lang='lat' dir='ltr'><em>ante</em></span> <span class='ocrx_word' id='word_1_171' title='bbox 710 2173 764 2228; x_wconf 92' lang='lat' dir='ltr'><em>hoc</em></span> <span class='ocrx_word' id='word_1_172' title='bbox 783 2172 965 2240; x_wconf 80' lang='lat' dir='ltr'><em>infercierant,</em></span> <span class='ocrx_word' id='word_1_173' title='bbox 983 2172 1011 2227; x_wconf 93' lang='lat' dir='ltr'><em>id</em></span> <span class='ocrx_word' id='word_1_174' title='bbox 1028 2173 1132 2244; x_wconf 84' lang='lat' dir='ltr'><em>respuit</em></span> <span class='ocrx_word' id='word_1_175' title='bbox 1149 2183 1294 2244; x_wconf 86' lang='lat' dir='ltr'><em>tamquam</em></span> 
     </span>
     <span class='ocr_line' id='line_1_21' title="bbox 297 2259 919 2329; baseline -0.005 -13"><span class='ocrx_word' id='word_1_176' title='bbox 297 2262 440 2318; x_wconf 86' lang='lat' dir='ltr'><em>Velleiano</em></span> <span class='ocrx_word' id='word_1_177' title='bbox 451 2259 573 2316; x_wconf 85' lang='lat' dir='ltr'><em>acumini</em></span> <span class='ocrx_word' id='word_1_178' title='bbox 585 2259 676 2314; x_wconf 90' lang='lat' dir='ltr'><em>minus</em></span> <span class='ocrx_word' id='word_1_179' title='bbox 689 2277 850 2329; x_wconf 87' lang='lat' dir='ltr'><em>congruum.</em></span> <span class='ocrx_word' id='word_1_180' title='bbox 917 2313 919 2320; x_wconf 84' lang='grc'>,</span> 
     </span>
    </p>

    <p class='ocr_par' dir='ltr' id='par_1_9' title="bbox 297 2347 1292 2508">
     <span class='ocr_line' id='line_1_22' title="bbox 331 2347 1292 2420; baseline -0.001 -16"><span class='ocrx_word' id='word_1_181' title='bbox 331 2362 389 2420; x_wconf 81' lang='lat'><em>175</em></span> <span class='ocrx_word' id='word_1_182' title='bbox 410 2349 451 2404; x_wconf 90' lang='lat' dir='ltr'><em>sic</em></span> <span class='ocrx_word' id='word_1_183' title='bbox 468 2348 578 2404; x_wconf 85' lang='lat' dir='ltr'><em>scribit:</em></span> <span class='ocrx_word' id='word_1_184' title='bbox 596 2347 683 2403; x_wconf 90' lang='lat' dir='ltr'><em>huius</em></span> <span class='ocrx_word' id='word_1_185' title='bbox 700 2365 766 2419; x_wconf 86' lang='lat' dir='ltr'><em>ergo</em></span> <span class='ocrx_word' id='word_1_186' title='bbox 784 2349 934 2403; x_wconf 88' lang='lat' dir='ltr'><em>recedentis</em></span> <span class='ocrx_word' id='word_1_187' title='bbox 951 2365 1057 2419; x_wconf 88' lang='lat' dir='ltr'><em>usque</em></span> <span class='ocrx_word' id='word_1_188' title='bbox 1080 2347 1180 2419; x_wconf 91' lang='lat' dir='ltr'><em>[post]</em></span> <span class='ocrx_word' id='word_1_189' title='bbox 1200 2365 1292 2404; x_wconf 84' lang='lat' dir='ltr'><em>soem-</em></span> 
     </span>
     <span class='ocr_line' id='line_1_23' title="bbox 297 2435 765 2508; baseline -0.009 -14"><span class='ocrx_word' id='word_1_190' title='bbox 297 2442 357 2494; x_wconf 89' lang='lat' dir='ltr'><em>lum</em></span> <span class='ocrx_word' id='word_1_191' title='bbox 369 2439 548 2508; x_wconf 84' lang='lat' dir='ltr'><em>ingeniorum</em></span> <span class='ocrx_word' id='word_1_192' title='bbox 559 2435 765 2491; x_wconf 77' lang='lat' dir='ltr'><em>similitudinis.</em></span> 
     </span>
    </p>

    <p class='ocr_par' dir='ltr' id='par_1_10' title="bbox 297 2522 1293 2684">
     <span class='ocr_line' id='line_1_24' title="bbox 332 2522 1293 2593; baseline -0.002 -13"><span class='ocrx_word' id='word_1_193' title='bbox 332 2529 391 2582; x_wconf 88' lang='lat'><em>181</em></span> <span class='ocrx_word' id='word_1_194' title='bbox 413 2523 522 2580; x_wconf 89' lang='lat' dir='ltr'><em>scribit:</em></span> <span class='ocrx_word' id='word_1_195' title='bbox 541 2541 600 2578; x_wconf 88' lang='lat' dir='ltr'><em>uno</em></span> <span class='ocrx_word' id='word_1_196' title='bbox 612 2524 680 2588; x_wconf 87' lang='lat' dir='ltr'><em>urbs</em></span> <span class='ocrx_word' id='word_1_197' title='bbox 691 2523 789 2578; x_wconf 86' lang='lat' dir='ltr'><em>Attico</em></span> <span class='ocrx_word' id='word_1_198' title='bbox 802 2522 938 2593; x_wconf 75' lang='lat' dir='ltr'><em>plumbus</em></span> <span class='ocrx_word' id='word_1_199' title='bbox 955 2525 1105 2578; x_wconf 88' lang='lat' dir='ltr'><em>alumnis</em></span> <span class='ocrx_word' id='word_1_200' title='bbox 1121 2525 1293 2593; x_wconf 90' lang='lat' dir='ltr'><em>eloquentiae</em></span> 
     </span>
     <span class='ocr_line' id='line_1_25' title="bbox 297 2613 461 2684; baseline -0.012 -14"><span class='ocrx_word' id='word_1_201' title='bbox 297 2613 461 2684; x_wconf 75' lang='lat' dir='ltr'><em>...floruih</em></span> 
     </span>
    </p>
   </div>
   <div class='ocr_carea' id='block_1_5' title="bbox 508 3026 1079 3087">
    <p class='ocr_par' dir='ltr' id='par_1_11' title="bbox 508 3026 1079 3087">
     <span class='ocr_line' id='line_1_26' title="bbox 508 3026 1079 3087; baseline -0.004 -1"><span class='ocrx_word' id='word_1_202' title='bbox 508 3028 571 3086; x_wconf 85' lang='lat' dir='ltr'><em>AD</em></span> <span class='ocrx_word' id='word_1_203' title='bbox 600 3027 788 3087; x_wconf 91' lang='lat' dir='ltr'><strong>LIBRVM</strong></span> <span class='ocrx_word' id='word_1_204' title='bbox 816 3026 1079 3087; x_wconf 89' lang='lat' dir='ltr'>SECVNDVM</span> 
     </span>
    </p>
   </div>
   <div class='ocr_carea' id='block_1_6' title="bbox 331 3183 1289 3260">
    <p class='ocr_par' dir='ltr' id='par_1_12' title="bbox 331 3183 1289 3260">
     <span class='ocr_line' id='line_1_27' title="bbox 331 3183 1289 3260; baseline -0.004 -15"><span class='ocrx_word' id='word_1_205' title='bbox 331 3207 366 3248; x_wconf 81' lang='grc' dir='ltr'><em>ιο</em></span> <span class='ocrx_word' id='word_1_206' title='bbox 387 3183 397 3245; x_wconf 82' lang='lat' dir='ltr'><em>i</em></span> <span class='ocrx_word' id='word_1_207' title='bbox 420 3192 549 3260; x_wconf 89' lang='lat' dir='ltr'><em>Bywater</em></span> <span class='ocrx_word' id='word_1_208' title='bbox 566 3190 605 3245; x_wconf 90' lang='lat' dir='ltr'><em>sic</em></span> <span class='ocrx_word' id='word_1_209' title='bbox 622 3189 715 3244; x_wconf 89' lang='lat' dir='ltr'><em>locum</em></span> <span class='ocrx_word' id='word_1_210' title='bbox 732 3189 889 3246; x_wconf 87' lang='lat' dir='ltr'><em>constituit:</em></span> <span class='ocrx_word' id='word_1_211' title='bbox 917 3191 984 3244; x_wconf 87' lang='lat' dir='ltr'><em>adeo</em></span> <span class='ocrx_word' id='word_1_212' title='bbox 998 3195 1109 3245; x_wconf 88' lang='lat' dir='ltr'><em>mature</em></span> <span class='ocrx_word' id='word_1_213' title='bbox 1126 3208 1144 3243; x_wconf 91' lang='lat' dir='ltr'><em>o</em></span> <span class='ocrx_word' id='word_1_214' title='bbox 1159 3190 1241 3243; x_wconf 88' lang='lat' dir='ltr'><em>rectis</em></span> <span class='ocrx_word' id='word_1_215' title='bbox 1258 3190 1289 3241; x_wconf 93' lang='lat' dir='ltr'><em>in</em></span> 
     </span>
    </p>
   </div>
   <div class='ocr_carea' id='block_1_7' title="bbox 295 3275 1289 3468">
    <p class='ocr_par' dir='ltr' id='par_1_13' title="bbox 295 3275 1289 3468">
     <span class='ocr_line' id='line_1_28' title="bbox 295 3275 1289 3388; baseline -0.002 -54"><span class='ocrx_word' id='word_1_216' title='bbox 295 3283 397 3347; x_wconf 74' lang='lat' dir='ltr'><em>praua,</em></span> <span class='ocrx_word' id='word_1_217' title='bbox 407 3297 425 3332; x_wconf 89' lang='lat' dir='ltr'><em>o</em></span> <span class='ocrx_word' id='word_1_218' title='bbox 433 3281 538 3349; x_wconf 89' lang='lat' dir='ltr'><em>prauis</em></span> <span class='ocrx_word' id='word_1_219' title='bbox 545 3280 577 3358; x_wconf 78' lang='lat' dir='ltr'><em>in</em></span> <span class='ocrx_word' id='word_1_220' title='bbox 580 3279 753 3388; x_wconf 54' lang='grc' dir='ltr'><em>ρςςιειῷιῖίᾳ</em></span> <span class='ocrx_word' id='word_1_221' title='bbox 752 3281 939 3388; x_wconf 78' lang='lat' dir='ltr'><em>peruenitur:</em></span> <span class='ocrx_word' id='word_1_222' title='bbox 958 3295 1022 3333; x_wconf 92' lang='lat' dir='ltr'><em>cum</em></span> <span class='ocrx_word' id='word_1_223' title='bbox 1035 3276 1110 3332; x_wconf 90' lang='lat' dir='ltr'><em>enim</em></span> <span class='ocrx_word' id='word_1_224' title='bbox 1119 3275 1289 3346; x_wconf 84' lang='lat' dir='ltr'><em>adscriptum</em></span> 
     </span>
     <span class='ocr_line' id='line_1_29' title="bbox 552 3361 791 3388; baseline 0 0"><span class='ocrx_word' id='word_1_225' title='bbox 552 3361 576 3388; x_wconf 79' lang='lat' dir='ltr'><em>m</em></span> <span class='ocrx_word' id='word_1_226' title='bbox 584 3361 608 3388; x_wconf 79' lang='lat' dir='ltr'><em>tu</em></span> <span class='ocrx_word' id='word_1_227' title='bbox 620 3361 644 3388; x_wconf 72' lang='lat' dir='ltr'><em>la</em></span> <span class='ocrx_word' id='word_1_228' title='bbox 702 3361 718 3387; x_wconf 79' lang='lat' dir='ltr'><em>a</em></span> <span class='ocrx_word' id='word_1_229' title='bbox 726 3361 750 3388; x_wconf 72' lang='lat' dir='ltr'><em>m</em></span> <span class='ocrx_word' id='word_1_230' title='bbox 762 3361 791 3388; x_wconf 83' lang='lat' dir='ltr'><em>ns</em></span> 
     </span>
     <span class='ocr_line' id='line_1_30' title="bbox 296 3397 1289 3468; baseline -0.005 -13"><span class='ocrx_word' id='word_1_231' title='bbox 296 3401 392 3456; x_wconf 88' lang='lat' dir='ltr'><em>fuisset</em></span> <span class='ocrx_word' id='word_1_232' title='bbox 404 3419 422 3454; x_wconf 89' lang='lat' dir='ltr'><em>o</em></span> <span class='ocrx_word' id='word_1_233' title='bbox 435 3403 516 3455; x_wconf 82' lang='lat' dir='ltr'><em>rectr&#39;s</em></span> <span class='ocrx_word' id='word_1_234' title='bbox 526 3403 558 3454; x_wconf 91' lang='lat' dir='ltr'><em>iu</em></span> <span class='ocrx_word' id='word_1_235' title='bbox 564 3404 662 3468; x_wconf 89' lang='lat' dir='ltr'><em>prauo</em></span> <span class='ocrx_word' id='word_1_236' title='bbox 674 3417 692 3451; x_wconf 89' lang='lat' dir='ltr'><em>a</em></span> <span class='ocrx_word' id='word_1_237' title='bbox 698 3402 812 3468; x_wconf 69' lang='lat' dir='ltr'><em>promi,</em></span> <span class='ocrx_word' id='word_1_238' title='bbox 819 3397 953 3468; x_wconf 89' lang='lat' dir='ltr'><em>paulatim</em></span> <span class='ocrx_word' id='word_1_239' title='bbox 965 3399 1077 3468; x_wconf 88' lang='lat' dir='ltr'><em>glossae</em></span> <span class='ocrx_word' id='word_1_240' title='bbox 1089 3415 1161 3468; x_wconf 85' lang='lat' dir='ltr'><em>quae</em></span> <span class='ocrx_word' id='word_1_241' title='bbox 1172 3397 1289 3462; x_wconf 81' lang='lat' dir='ltr'><em>fuerant,</em></span> 
     </span>
    </p>
   </div>
   <div class='ocr_carea' id='block_1_8' title="bbox 294 3487 688 3559">
    <p class='ocr_par' dir='ltr' id='par_1_14' title="bbox 294 3487 688 3559">
     <span class='ocr_line' id='line_1_31' title="bbox 294 3487 688 3559; baseline -0.01 -15"><span class='ocrx_word' id='word_1_242' title='bbox 294 3499 386 3544; x_wconf 87' lang='lat' dir='ltr'><em>textus</em></span> <span class='ocrx_word' id='word_1_243' title='bbox 399 3497 507 3559; x_wconf 88' lang='lat' dir='ltr'><em>partem</em></span> <span class='ocrx_word' id='word_1_244' title='bbox 519 3487 607 3542; x_wconf 85' lang='lat' dir='ltr'><em>factas</em></span> <span class='ocrx_word' id='word_1_245' title='bbox 619 3503 688 3541; x_wconf 89' lang='lat' dir='ltr'><em>esse.</em></span> 
     </span>
    </p>
   </div>
   <div class='ocr_carea' id='block_1_9' title="bbox 0 0 1516 4568">
    <p class='ocr_par' dir='ltr' id='par_1_15' title="bbox 0 0 1516 4568">
     <span class='ocr_line' id='line_1_32' title="bbox 0 0 1516 4568; baseline 0 5"><span class='ocrx_word' id='word_1_246' title='bbox 0 0 1516 4568; x_wconf 95' lang='lat' dir='ltr'><em> </em></span> 
     </span>
    </p>
   </div>
  </div>
 </body>
</html>
