2996 4520
591 440 746 499 VELLEI
767 439 1009 500 PATERCVLI

301 608 489 669 clementiam
517 607 657 668 uinceret.
708 627 806 684 neque
834 606 969 684 reperias,
998 626 1074 683 quos
1102 617 1152 666 aut
1180 605 1304 683 pronior

300 709 418 766 fortuna
438 705 579 766 comitata
599 704 636 764 sit
656 716 708 764 aut
729 703 821 764 ueluti
841 704 959 781 fatigata
979 703 1121 763 maturius
1136 703 1302 764 destituerit

301 823 390 880 quam
406 807 530 862 Brutum
545 813 574 861 et
589 801 734 863 Cassium.

246 904 287 965 70
341 904 420 960 Tum
444 902 554 962 Caesar
575 911 604 958 et
627 898 775 959 Antonius
798 897 974 958 traiecerunt
992 897 1135 958 exercitus
1153 897 1185 957 in
1201 901 1301 958 Mace-

301 997 422 1058 doniam
444 1008 473 1057 et
494 999 575 1073 apud
591 997 695 1055 urbem
711 995 863 1073 Philippos
879 1016 947 1056 cum
964 998 1005 1054 M.
1020 1000 1113 1055 Bruto
1135 995 1301 1072 Cassioque
1317 1020 1330 1066 5

298 1094 362 1154 acie
387 1105 604 1154 concurrerunt.
648 1114 748 1166 comu,
783 1093 831 1153 cui
861 1097 968 1153 Brutus
996 1104 1136 1170 praeerat,
1166 1092 1300 1169 impulsis

299 1191 434 1251 hostibus
459 1203 553 1251 castra
577 1190 711 1252 Caesaris
736 1190 814 1268 cepit
843 1190 924 1270 (nam
952 1191 1023 1268 ipse'
1041 1193 1158 1264 Caesar,
1184 1190 1300 1251 etiamsi

299 1288 514 1348 infirmissimus
537 1287 708 1348 ualetudine
730 1299 799 1361 erat,
826 1288 929 1348 obibat
954 1287 1056 1347 munia
1079 1287 1173 1361 duciS,
1199 1299 1298 1348 oratus

299 1386 387 1446 etiam
402 1387 441 1445 ab
454 1385 573 1445 Artorio
588 1385 714 1459 medico,
730 1370 772 1445 ne·
782 1385 813 1444 in
833 1385 934 1445 castris
954 1397 1127 1458 remaneret,
1143 1385 1299 1445 manifesta

298 1482 523 1544 denuntiatione
551 1481 658 1559 quietis
686 1481 807 1562 territo),
831 1482 863 1543 id
891 1493 999 1554 autem,
1029 1482 1060 1541 in
1088 1502 1149 1559 quo
1177 1482 1297 1543 Cassius
1317 1509 1349 1542 ιο

298 1582 400 1654 fuerat,
424 1582 557 1657 fugatum
580 1600 616 1640 ac
638 1582 715 1639 male
738 1583 901 1639 mulcatum
924 1579 954 1638 in
977 1579 1081 1639 altiora
1100 1601 1128 1638 se
1149 1590 1297 1656 receperat

271 1680 371 1738 2loca.
415 1689 477 1737 tum
501 1676 620 1739 Cassius
642 1697 678 1736 ex
698 1697 752 1736 sua
772 1678 889 1736 fortuna
910 1687 1051 1736 euentum
1071 1678 1200 1753 collegae
1215 1676 1299 1736 aesti-

299 1795 391 1849 mans,
412 1795 480 1834 cum
503 1773 662 1834 dimisisset
684 1785 842 1834 euocatum
863 1773 1053 1851 iussissetque
1075 1773 1210 1833 nuntiare
1231 1773 1296 1846 sibi,

298 1892 375 1949 quae
389 1882 466 1932 esset
481 1871 640 1932 multitudo
659 1891 694 1932 ac
713 1871 759 1931 uis
781 1870 947 1944 hominum,
963 1891 1039 1948 quae
1054 1873 1093 1931 ad
1107 1891 1139 1931 se
1153 1874 1296 1944 tenderet,

298 1968 408 2029 tardius
431 1989 468 2029 eo
491 1967 654 2041 nuntiante,
671 1989 739 2028 cum
762 1968 793 2027 in
816 1967 916 2028 uicino
939 1960 1141 2045 esset'agmen
1157 1988 1244 2028 cursu
1257 1971 1297 2028 ad
1317 1985 1348 2034 ¹5

298 2087 367 2126 eum
389 2066 576 2127 tendentium
601 2086 698 2142 neque
723 2069 845 2143 puluere
869 2065 959 2126 facies
983 2077 1034 2125 aut
1056 2064 1139 2142 signa
1163 2065 1298 2126 denotari

297 2175 426 2240 possent,
442 2161 611 2222 existimans
626 2165 726 2222 hostes
747 2183 820 2236 esse,
837 2163 888 2239 qui
904 2162 1061 2236 inruerent,
1078 2165 1195 2223 lacerna
1208 2175 1298 2240 caput

297 2259 492 2320 circumdedit
515 2271 723 2335 extentamque
745 2259 892 2319 ceruicem
917 2259 1064 2319 interritus
1087 2259 1192 2320 liberto
1216 2281 1298 2336 prae-

269 2357 368 2422 abuit.
423 2357 573 2417 deciderat
598 2356 682 2418 Cassi
707 2369 804 2434 caput,
825 2379 893 2417 cum
917 2368 1059 2417 euocatus
1080 2357 1202 2417 aduenit
1223 2378 1297 2416 nun-

297 2453 372 2514 tians
398 2458 522 2513 Bmtum
551 2474 615 2514 esse
639 2453 790 2514 uictorem.
835 2454 886 2532 qui
911 2475 979 2514 cum
1002 2452 1209 2531 imperatorem
1231 2474 1297 2531 pro·
1314 2478 1349 2510 20

296 2562 419 2610 stratum
447 2550 569 2624 uideret,
594 2570 707 2627 sequar,
734 2551 838 2628 inquit,
865 2573 942 2624 eum,
973 2571 1063 2628 quem
1091 2572 1158 2612 mea
1186 2551 1297 2612 occidit

268 2647 425 2724 4tarditas‚
452 2661 481 2708 et
504 2648 544 2708 ita
568 2647 598 2706 in
623 2647 754 2725 gladium
777 2648 920 2709 incubuit.
963 2660 1032 2725 post
1052 2668 1164 2725 paucos
1185 2649 1296 2709 deinde

297 2747 360 2807 dies
382 2750 490 2806 Brutus
512 2746 643 2807 conflixit
664 2767 732 2807 cum
758 2747 893 2808 hostibus
918 2758 948 2807 et
970 2745 1065 2806 uictus
1088 2747 1151 2807 acie
1175 2767 1242 2807 cum
1264 2746 1295 2806 in

296 2846 443 2903 tumulum
461 2855 550 2904 nocte
570 2864 606 2903 ex
625 2845 693 2921 fuga
712 2864 743 2904 se
762 2843 927 2920 recepisset,
944 2843 1112 2921 impetrauit
1128 2865 1146 2903 a
1160 2846 1297 2904 Stratone

297 2945 435 3019 Aegeate,
461 2941 595 3000 familiari
623 2962 685 3014 suo,
712 2952 745 3000 ut
772 2961 894 3001 manum
922 2942 1064 3002 morituro
1092 2944 1297 3002 commodaret
1314 2969 1345 3016 25

270 3039 372 3114 ssibi3
393 3040 562 3117 reiectoque
576 3042 663 3099 laeuo
677 3059 766 3116 super
784 3051 872 3116 caput
892 3039 1021 3113 brachio,
1038 3060 1106 3100 cum
1122 3060 1296 3100 mucronem

297 3136 387 3214 gladii
401 3137 464 3197 eius
487 3139 606 3197 dextera
625 3147 729 3196 tenens
748 3135 880 3196 sinistrae
899 3136 1081 3198 admouisset
1096 3137 1242 3198 mamillae
1256 3140 1296 3197 ad

332 3296 348 3341 6
363 3300 398 3356 lp.
410 3294 454 3343 A:
472 3295 529 3355 imp.
544 3293 570 3341 P
651 3309 667 3353 9
685 3293 820 3342 manifesta
833 3294 969 3342 Heinsius:
987 3295 1120 3343 manifeste
1131 3294 1199 3342 AP:
1216 3296 1296 3343 mani-

299 3358 380 3409 festae
392 3361 546 3407 Vascosanus
553 3364 574 3405 et
583 3359 659 3407 Orelli
718 3373 745 3405 11
760 3360 905 3408 mulctatum
913 3360 939 3407 A
949 3378 955 3408 :
972 3361 1104 3408 multatum
1113 3360 1147 3410 P:
1160 3361 1294 3409 mulcatum

304 3425 408 3472 Vrsinus
505 3440 533 3472 se
552 3424 608 3472 add.
631 3424 743 3472 Gelenius
835 3441 865 3485 13
882 3426 1004 3474 nunciare
1021 3425 1061 3474 P:
1090 3427 1204 3474 nunciari
1221 3426 1248 3474 A
1270 3432 1298 3473 ut

302 3489 406 3538 Cludius
416 3506 446 3537 ex
455 3491 514 3538 coni.
526 3491 651 3552 smpserat
751 3505 779 3548 14
797 3488 917 3539 tenderffl
927 3491 963 3553 A,
976 3491 1020 3538 sed
1028 3502 1046 3510 ·
1052 3496 1110 3552 post
1120 3507 1189 3538 emsa
1267 3507 1296 3552 17

301 3554 384 3604 inr.A
453 3557 483 3603 18
495 3554 630 3617 prebultA
699 3570 729 3614 19
747 3556 828 3603 Cassii
839 3555 893 3604 ΑΡ
955 3556 1160 3604 naincubuitP:
1178 3557 1297 3605 occubuit

301 3620 327 3668 A
352 3624 380 3668 ut
401 3636 431 3667 ex
451 3622 510 3669 coni.
533 3622 658 3682 empserat
675 3621 770 3667 amicus
791 3620 871 3668 Vossr't'
972 3637 1004 3681 ⁹4
1021 3622 1146 3669 tumulum
1170 3622 1296 3672 Gelcm'us:

301 3685 436 3734 tumultum
447 3684 501 3734 ΑΡ
570 3686 705 3747 imperauit
715 3685 855 3734 Astratone
869 3687 1036 3748 AegeataeA
1111 3689 1143 3734 26
1160 3688 1295 3749 sibiqueA

300 3752 344 3798 sed
358 3750 447 3864 delta}³
446 3766 496 3812 que
580 3767 610 3813 27
629 3752 755 3800 mamillae
770 3751 797 3799 A
817 3757 879 3812 recte,
892 3754 921 3815 cs.
933 3753 1036 3803 Lachm.
1049 3752 1085 3800 ad
1100 3753 1191 3801 Lucret.
1205 3754 1219 3802 i.
1232 3755 1297 3814 360:

301 3816 410 3865 mamilla

782 3927 814 3978 86
