3010 4520
600 449 755 510 VELLEI
778 447 1018 510 PATERCVLI

315 634 384 676 nam
404 615 487 691 quod
506 623 610 692 pactae
634 611 698 673 eius
720 610 851 672 Menelai
869 621 959 687 atque
977 611 1114 670 Helenae
1137 608 1215 670 srliae
1237 612 1312 670 Her-

285 713 431 785 4miones
452 711 570 789 nuptias
591 721 797 787 occupauerat,
820 708 946 786 Delphis
971 728 1040 768 eum
1065 706 1217 768 interfecit.
1260 727 1313 784 per

236 803 239 814 ¹
316 814 390 871 haec
411 822 545 887 tempora
566 811 667 886 Lydus
689 806 719 868 et
737 809 907 885 Tyrrhenus
931 809 1033 867 fratres
1062 827 1131 867 cum
1158 818 1312 882 regnarent

316 909 346 969 in
369 907 471 985 Lydia,
487 907 638 968 sterilitate
656 908 773 983 frugum
792 903 939 982 compulsi
958 903 1052 964 sortiti
1071 915 1140 964 sunt
1160 914 1225 964 uter
1243 923 1312 962 cum

314 1018 397 1084 parte
421 1005 619 1066 multitudinis
638 1003 732 1082 patria
750 1003 915 1064 decederet.
960 1022 1022 1062 sors
1043 1003 1230 1079 Tyrrhenum
1245 1001 1340 1074 con-5

316 1104 399 1181 tigit:
420 1115 578 1181 peruectus
597 1103 628 1163 in
644 1103 761 1163 Italiam
778 1113 808 1162 et
827 1103 894 1162 loco
909 1112 939 1162 et
955 1101 1061 1162 incolis
1079 1113 1108 1162 et
1122 1101 1196 1162 mari
1212 1101 1314 1162 nobile

315 1221 350 1260 ac
364 1211 541 1278 perpetuum
555 1221 573 1260 a
587 1221 619 1260 se
636 1220 748 1260 nornen
762 1198 853 1259 dedit.
894 1208 964 1277 post
979 1197 1091 1260 Orestis
1102 1197 1253 1280 interitum
1262 1197 1313 1256 filii

315 1296 379 1357 eius
397 1296 551 1358 Penthilus
571 1307 601 1357 et
617 1287 795 1356 Tisamenus
815 1315 975 1372 regnauere
994 1294 1129 1355 triennio.

282 1414 301 1459 a
356 1396 436 1454 Turn
447 1395 508 1454 sere
518 1413 599 1454 anno
610 1392 793 1470 octogesimo
804 1404 872 1470 post
881 1392 1002 1453 Troiam
1014 1402 1139 1469 captam,
1151 1393 1314 1454 centesimo

315 1500 344 1550 et
369 1489 513 1551 uicesimo
541 1509 631 1568 quam
657 1490 804 1550 Hercules
832 1490 871 1550 ad
899 1491 972 1549 deos
997 1499 1168 1562 excesserat,
1195 1489 1314 1565 Pelopis
1331 1513 1359 1548 10

315 1586 479 1665 progenies,
496 1607 572 1664 quae
593 1585 677 1647 omni
697 1588 757 1646 hoc
777 1596 911 1663 tempore
932 1585 1025 1663 pulsis
1042 1586 1211 1647 Heraclidis
1231 1589 1315 1647 Pelo-

315 1685 442 1763 ponnesi
450 1684 607 1762 imperium
617 1684 793 1760 obtinuerat,
804 1686 843 1746 ab
853 1685 992 1746 Herculis
1002 1685 1142 1762 progenie
1152 1685 1312 1762 expellitur.

316 1785 408 1844 duces
436 1783 631 1860 recuperandi
662 1783 768 1861 imperi
796 1786 878 1844 fuere
910 1786 1071 1857 Temenus,
1101 1785 1312 1861 Cresphontes

315 1881 531 1953 Aristodemus,
547 1901 675 1958 quorum
693 1882 807 1942 abauus
825 1882 938 1943 fuerat.
971 1883 1079 1942 eodem
1100 1883 1160 1942 fere
1181 1892 1315 1959 tempore

316 1980 453 2038 Athenae
475 1978 531 2038 sub
552 1979 670 2055 regibus
694 1999 759 2039 esse
784 1979 943 2052 desierunt,
969 1999 1094 2055 quarum
1119 1978 1241 2039 ultimus
1265 2000 1315 2040 rex
1331 2001 1359 2050 15

315 2074 370 2135 fuit
385 2077 511 2148 Codrus,
529 2071 676 2136 Melanthi
690 2076 777 2150 filius,
792 2075 838 2136 uir
851 2097 913 2136 non
927 2078 1167 2153 praetereundus.
1204 2077 1315 2154 quippe

316 2193 385 2234 cum
407 2173 638 2234 Lacedaemonii
661 2172 744 2251 graui
768 2174 848 2234 bello
868 2173 985 2234 Atticos
1009 2186 1176 2251 premerent
1197 2195 1316 2252 respon-

317 2271 468 2348 dissetque
483 2270 615 2348 Pythius,
631 2291 759 2348 quorum
778 2273 839 2331 dux
857 2273 896 2332 ab
917 2273 1003 2332 hoste
1024 2283 1102 2332 esset
1123 2271 1247 2346 occisus,
1263 2292 1315 2332 eos

316 2371 429 2430 futuros
451 2369 624 2446 superiores,
645 2368 781 2446 deposita
801 2380 884 2430 ueste
905 2369 984 2447 regia
1003 2373 1181 2448 pastoralem
1202 2373 1315 2430 cultum

317 2465 422 2540 induit,
434 2465 645 2544 immixtusque
660 2466 761 2527 castris
775 2467 915 2541 hostiurn,
931 2470 969 2528 de
983 2467 1128 2528 industria
1141 2468 1233 2528 rixam
1247 2488 1316 2528 con·
1331 2491 1361 2526 20

290 2563 398 2626 aciens
423 2564 615 2642 inprudenter
639 2564 833 2642 interemptus
858 2576 910 2626 est.
964 2567 1098 2628 Codrum
1127 2587 1196 2626 cum
1221 2578 1329 2627 morte.

239 2711 241 2718 .
316 2673 436 2722 aeterna
453 2662 554 2740 gloria,
577 2661 775 2724 Athenienses
797 2674 899 2724 secuta
919 2663 1043 2725 uictoria
1063 2675 1115 2724 est.
1159 2664 1225 2742 quis
1246 2685 1316 2724 eum

317 2781 379 2821 non
400 2759 529 2834 miretur,
546 2761 597 2838 qui
618 2760 664 2821 his
685 2760 796 2822 artibus
818 2773 945 2822 mortem
966 2762 1131 2840 quaesierit,
1147 2762 1256 2839 quibus
1277 2763 1316 2822 ab

317 2858 432 2936 ignauis
457 2858 520 2919 uita
549 2858 651 2936 quaeri
684 2861 783 2920 solet?
837 2858 925 2920 huius
953 2860 1030 2920 filius
1059 2861 1175 2921 Medon
1203 2859 1315 2939 primus

317 2959 429 3017 archon
454 2956 580 3017 Athenis
608 2956 671 3017 fuit.
714 2957 753 3016 ab
777 2959 836 3017 hoc
863 2956 974 3034 posteri
997 2959 1078 3035 apud
1102 2956 1219 3019 Atticos
1244 2956 1317 3017 dicti
1331 2982 1360 3032 ²⁵

318 3054 537 3115 Medontidae:
580 3056 633 3114 sed
667 3054 716 3114 hic
746 3053 997 3132 insequentesque
1030 3057 1187 3116 archontes
1222 3075 1316 3132 usque

278 3161 280 3165 '
317 3153 357 3210 ad
379 3152 557 3229 Charopem,
584 3153 657 3212 dum
685 3152 828 3226 uiuerent,
854 3173 924 3212 eum
951 3154 1097 3214 honorem
1124 3154 1313 3230 usurpabant.

319 3249 530 3326 Peloponnesii
552 3249 750 3327 digredientes
773 3250 882 3311 finibus
904 3251 1010 3312 Atticis
1033 3255 1162 3328 Megara,
1186 3251 1316 3312 mediam

354 3417 365 3450 1
385 3401 409 3450 ei
420 3401 507 3451 Aldus
592 3417 608 3464 5
625 3418 660 3451 an
671 3403 829 3464 Tyrrheno?
852 3457 855 3463 ,
916 3407 932 3454 8
949 3404 1090 3454 Penthelus
1100 3404 1133 3469 P,
1147 3421 1193 3454 em.
1211 3403 1316 3453 Vrsinus

285 3473 351 3528 '13
368 3468 506 3528 imperiiP
585 3469 745 3517 TeminusP
870 3486 899 3530 14
916 3471 1016 3519 abauus
1031 3470 1157 3536 Scaliger:
1182 3477 1274 3519 atauus
1292 3471 1318 3518 P

318 3533 372 3580 sere
383 3533 424 3582 B:
442 3533 522 3582 ferme
533 3535 560 3582 P
631 3550 664 3582 20
680 3535 713 3582 de
724 3535 849 3584 industria
860 3535 1035 3598 imprudenter
1047 3537 1201 3586 rixanincies
1213 3536 1314 3598 (rixam.

319 3599 390 3647 ncies
400 3598 436 3663 Β)
445 3599 512 3648 PB:
528 3600 608 3648 rixam
620 3601 692 3649 ciens
702 3599 799 3648 Burer:
823 3616 842 3650 r.
856 3601 973 3651 inliciens
985 3602 1141 3650 Rhenanus:
1164 3617 1184 3650 r.
1196 3601 1316 3650 conciens

318 3664 415 3727 scripsi:
443 3663 619 3726 imprudenter
635 3665 766 3714 Acidulr'us
782 3668 936 3728 transposuit
955 3672 1012 3715 ante
1031 3667 1216 3729 interemptus:
1242 3667 1319 3716 Orelli

318 3729 434 3777 sm'bebat
450 3729 509 3792 imp.
527 3730 560 3778 de
578 3731 630 3780 ind.
651 3746 671 3781 r.
693 3731 764 3780 ciens
783 3731 951 3794 interemptus
970 3739 1010 3782 est
1141 3733 1221 3792 agiis
1241 3732 1321 3781 Orelli

320 3794 532 3909 {phicSup'r'usr
548 3795 621 3844 hiiP
724 3796 982 3860 28Pe10p0nnesiP
1063 3795 1169 3859 Megara
1179 3796 1315 3847 Heinsius:

348 3875 450 3922 egaram
512 3917 517 3924 ι

810 3979 827 4026 .²
