2996 4520
589 475 719 534 LIBER
741 474 774 533 II

188 655 217 704 et
242 642 358 704 Luculli
383 654 412 702 et
435 641 550 702 Metelli
574 641 757 718 triumphurn
781 661 850 700 cum
874 639 1006 718 ipsorum
1030 637 1184 716 singularis

187 743 288 816 uirtus,
304 753 369 802 turn
390 741 479 803 etiam
498 740 611 801 inuidia
630 739 756 817 Pompei
774 741 854 816 apud
873 738 1020 816 optimum
1034 756 1185 815 quemque

187 840 256 900 fecit
270 838 472 899 fauorabilem.
515 857 567 915 per
580 839 655 898 haec
673 848 808 914 tempora
823 839 866 896 M.
882 835 997 909 Cicero,
1014 835 1065 913 qui
1084 835 1211 907 omnia3

187 939 369 999 incrementa
386 959 439 998 sua
458 937 515 997 sibi
533 936 645 1010 debuit,
661 935 706 996 uir
724 935 864 996 nouitatis
883 934 1085 995 nobilissimae
1104 945 1134 994 et
1153 945 1186 994 ut

159 1035 248 1100 suita
271 1037 375 1108 clarus,
398 1035 439 1094 ita
462 1033 583 1111 ingenio
606 1033 760 1105 maximus,
785 1032 838 1110 qui
865 1031 969 1106 effecit,
996 1052 1034 1092 ne
1058 1051 1185 1109 quorum

186 1151 268 1191 arma
291 1131 464 1204 uiceramus,
488 1149 591 1191 eorum
613 1129 733 1207 ingenio
758 1129 951 1202 uinceremur,
975 1132 1080 1189 consul
1104 1129 1186 1206 Sergi

187 1229 332 1290 Catilinae
348 1228 525 1305 Lentulique
539 1240 569 1289 et
583 1227 708 1305 Cethegi
723 1240 752 1288 et
768 1227 893 1288 aliomm
908 1227 1060 1306 utriusque
1074 1226 1186 1288 ordinis

186 1325 317 1386 uirorum
337 1325 571 1386 coniurationem
589 1324 727 1402 singulari
744 1324 860 1398 uirtute,
880 1324 1055 1398 constantia,
1076 1323 1183 1402 uigilia,

187 1444 316 1502 curaque
343 1423 464 1500 aperuit
522 1422 649 1485 Catilina
677 1434 758 1482 metu
785 1423 948 1484 consularis
975 1421 1080 1499 imperi
1112 1422 1213 1495 urbe4

143 1524 288 1600 10pulsus
313 1532 376 1596 est,
407 1522 550 1580 Leutulus
575 1520 736 1581 consularis
758 1532 787 1580 et
811 1532 927 1598 praetor
950 1520 1057 1581 iterum
1080 1521 1186 1581 Cethe·
1210 1572 1212 1579 .

186 1640 300 1697 gusque
319 1629 349 1679 et
367 1618 416 1679 alii
430 1617 501 1678 clari
519 1618 648 1679 nominis
668 1617 723 1678 uiri
744 1629 864 1679 auctore
881 1629 994 1692 senatu,
1012 1618 1093 1678 iussu
1116 1639 1185 1679 con-

187 1719 258 1779 sulis
272 1719 303 1779 in
318 1737 434 1779 carcere
448 1717 546 1778 necati
560 1728 636 1778 sunt.

228 1818 283 1876 Ille
298 1826 417 1876 senatus
432 1814 504 1888 dies,
516 1835 577 1892 quo
592 1816 666 1874 haec
680 1826 746 1874 acta
759 1823 836 1887 sunt,
849 1813 988 1874 uirtutem
1004 1815 1047 1873 M.
1061 1813 1184 1874 Catonis
1198 1829 1237 1888 35

186 1914 247 1973 iam
271 1913 371 1974 multis
399 1913 430 1972 in
457 1912 546 1972 rebus
574 1911 766 1988 conspicuam
794 1921 883 1988 atque
910 1909 1125 1987 praenitentem
1153 1911 1185 1971 in

146 2032 175 2082 15
187 2011 331 2072 altissimo
352 2009 482 2070 culmine
501 2010 618 2071 locauit.
661 2009 711 2070 hic
729 2008 845 2086 genitus
864 2028 978 2085 proauo
998 2011 1040 2068 M.
1058 2010 1182 2083 Catone,
1199 2040 1212 2075 2

187 2108 320 2185 principe
341 2107 393 2168 illo
417 2107 545 2168 familiae
566 2105 697 2180 Porciae,
719 2108 813 2166 homo
831 2105 940 2165 Virtuti
964 2105 1130 2167 simillimus
1155 2118 1185 2167 et

186 2225 238 2282 per
256 2204 358 2265 omnia
375 2203 495 2282 ingenio
515 2203 571 2264 diis
586 2224 676 2282 quarn
695 2202 867 2263 hominibus
886 2202 1014 2279 propior,
1030 2203 1082 2280 qui
1100 2225 1185 2264 num·

186 2322 275 2380 quam
294 2314 374 2363 recte
392 2301 470 2376 fecit,
486 2313 519 2362 ut
537 2305 633 2362 faeere
652 2300 810 2375 uideretur,
829 2303 882 2361 sed
896 2300 966 2378 quia
986 2301 1070 2362 aliter
1088 2305 1184 2362 facere

186 2420 247 2459 non
261 2409 405 2476 potuerat,
421 2398 530 2476 cuique
549 2399 581 2459 id
603 2401 700 2459 solum
719 2398 817 2458 uisum
837 2409 882 2458 est
900 2397 1044 2459 rationem
1064 2401 1182 2474 habere,

143 2531 172 2564 20
185 2498 268 2575 quod
295 2498 417 2558 haberet
448 2497 585 2570 iustitiae,
614 2497 754 2558 omnibus
782 2496 919 2557 humanis
947 2496 1026 2557 uitiis
1053 2497 1184 2560 inmunis

185 2614 301 2671 semper
328 2597 477 2654 fortunam
504 2594 536 2654 in
564 2614 617 2654 sua
644 2604 790 2671 potestate
817 2593 928 2654 habuit.
972 2593 1021 2654 hic
1048 2594 1210 2674 tribunus3

185 2694 223 2769 pl.
254 2691 423 2769 designatus
452 2702 481 2751 et
508 2693 608 2751 adhuc
634 2692 800 2751 admodum
827 2691 1011 2764 adulescens,
1037 2711 1106 2750 cum
1134 2692 1184 2752 alii

186 2791 351 2863 suaderent,
367 2800 400 2848 ut
418 2808 471 2866 per
489 2787 652 2865 municipia
671 2789 815 2848 Lentulus
834 2785 1039 2864 coniuratique
1056 2788 1182 2848 custodi·

218 2983 517 3047 aaputo.quenqueA
595 2983 762 3046 5utneA(
781 2981 805 3046 )
888 2975 1054 3033 scoaA:
1072 2984 1187 3034 COS.P

186 3068 200 3112 7
218 3051 352 3112 utriusque
364 3049 404 3098 P:
420 3051 504 3098 utrius
515 3048 566 3096 BA
647 3065 664 3110 9
680 3049 780 3110 aperuit
794 3047 921 3098 Gelenius:
939 3051 1032 3112 eripuit
1044 3049 1101 3109 ΑΡ,
1117 3051 1183 3099 eruit

185 3117 294 3180 Lipsius,
315 3118 358 3163 ‘ut
373 3121 407 3162 est
423 3116 450 3164 in
466 3115 536 3163 Liuii
549 3113 603 3164 Per.
625 3129 686 3164 102:
710 3131 741 3162 ea
756 3114 898 3163 coniuratio
916 3115 1041 3163 industria
1059 3115 1094 3164 M.
1108 3116 1184 3164 Tullii

185 3182 318 3231 Ciceronis
330 3187 402 3229 eruta
418 3181 471 3228 est'
483 3180 566 3229 Halm
632 3179 771 3228 consularis
787 3179 837 3227 BA
850 3197 856 3228 ε
873 3195 923 3230 om.
937 3180 963 3227 P
1026 3181 1126 3242 imperii
1137 3181 1163 3228 A
1176 3199 1182 3230 ε

185 3247 274 3309 imperi
291 3245 340 3293 PB
456 3262 484 3294 11
503 3244 599 3294 cosulis
615 3244 641 3290 A
761 3260 791 3305 14
807 3245 966 3306 penitentem
988 3247 1136 3308 (praeenit.)
1154 3247 1180 3293 A

187 3327 216 3374 15
234 3312 344 3361 culmine
361 3310 509 3372 (se'cHaase)
526 3311 620 3358 locauit
632 3308 755 3373 Madue’g:
781 3311 915 3358 luminauit
931 3310 1000 3360 AP:
1019 3313 1113 3360 lumine
1131 3313 1183 3360 col·

185 3379 279 3427 locauit
300 3377 437 3425 Bunnann
590 3377 620 3422 16
635 3376 712 3424 homo
732 3374 769 3426 P:
798 3391 849 3423 non
866 3375 920 3423 AB
1006 3377 1138 3426 similimus
1154 3377 1180 3423 A

185 3451 211 3492 et
227 3443 267 3492 P:
293 3444 340 3491 sed
356 3441 411 3489 AB
445 3441 596 3504 Negatiuam
615 3446 674 3503 post
691 3441 863 3504 Kreyssigium
885 3447 908 3488 et
926 3441 1068 3490 Martinam
1088 3447 1183 3491 tutatus

184 3514 220 3558 est
234 3509 343 3556 Thomas
359 3507 481 3568 conserens
496 3521 534 3554 aa.
548 3522 573 3568 2,
588 3509 641 3556 126.
657 3521 687 3554 1:
706 3506 750 3553 sed
765 3512 821 3554 recte
833 3512 986 3569 perspexerat
1001 3507 1084 3555 Burer
1098 3510 1132 3556 ho
1148 3517 1182 3556 no

183 3574 284 3634 confusa
297 3589 362 3621 esse:
379 3572 426 3620 sed
439 3571 500 3634 (set)
513 3571 656 3634 praeeedens
667 3572 745 3619 littera
755 3587 769 3619 s
775 3572 946 3634 progenerauit
1035 3589 1065 3635 19
1082 3579 1183 3634 poterat

186 3639 298 3688 Gelenius
434 3653 466 3685 ao
483 3637 594 3686 iustitiae
612 3636 672 3697 ΑΡ,
696 3653 727 3686 sc.
751 3638 893 3685 rationem:
927 3637 1047 3686 iustitiam
1072 3639 1183 3688 Gelem'us

182 3705 276 3753 lmunis
295 3703 340 3752 A:
373 3703 441 3752 imm.
461 3701 488 3749 P
591 3717 621 3751 21
639 3701 695 3752 TR.
708 3702 759 3754 PL.
771 3702 840 3752 AB:
857 3703 926 3753 Trib.
939 3703 1047 3752 Pleb.P
1150 3720 1182 3752 aa

184 3778 211 3820 et
226 3769 302 3820 Voss:
320 3775 359 3818 est
371 3769 430 3832 BA,
445 3767 533 3818 om.P
