3024 4568
392 425 438 483 IN
460 425 682 483 VELLEIVM
705 425 995 486 PATERCVLVM

190 589 255 645 naui
277 600 306 644 ut
328 592 503 646 Paterculum
524 590 690 662 scripturum
712 591 797 646 inisse
822 602 899 646 ratus
924 611 1003 662 sum;
1032 593 1083 647 sed
1100 591 1194 646 nescio

190 696 227 731 an
247 696 303 732 non
328 677 409 733 altius
434 680 533 734 uulnus
558 678 696 747 insederit,
723 681 954 750 scribendumque
979 681 1014 734 sit
1033 681 1078 734 At
1100 686 1193 733 tamen

189 767 265 821 hunc
284 767 348 836 (uel,
361 769 478 822 athunc
489 770 594 836 tamen)
609 785 676 823 mox
692 769 867 822 auunculum
885 772 912 823 Τ
908 771 979 823 itius
996 772 1128 823 imitatus
1144 774 1192 822 est.

192 857 268 908 Nam
290 854 398 909 uidetur
429 857 567 925 quaedam
592 856 731 926 oppositio
761 873 823 910 esse
845 856 1036 924 clausularum,
1061 854 1194 926 quoniam

191 945 311 997 Plancus
324 961 358 998 ea
370 943 433 998 lecit
446 961 518 1013 quae
536 943 700 999 imitatorem
718 954 832 1014 possent
844 962 901 998 non
923 943 1069 999 inuentura
1088 941 1194 998 uideri:

190 1032 260 1086 haec
272 1042 367 1085 autem
380 1031 518 1101 oppositio
530 1049 594 1086 cum
607 1049 663 1086 non
677 1031 743 1087 satis
757 1049 807 1102 per
822 1031 987 1103 particulam
999 1039 1094 1086 autern
1108 1030 1194 1085 mani-

190 1119 261 1173 festa
284 1119 340 1184 fiat,
354 1128 448 1172 autem
456 1136 490 1172 ex
498 1125 592 1172 tamen
600 1118 640 1172 sic
649 1130 808 1189 corruptum
818 1130 896 1189 pute,
906 1129 935 1173 ut
942 1121 1018 1190 apud
1029 1119 1194 1173 Ciceronem

193 1203 293 1274 (Legg.
302 1205 327 1259 ii.
341 1221 380 1261 10.
391 1204 436 1274 25)
446 1207 523 1275 quod
531 1213 624 1260 autern
638 1207 665 1260 in
677 1208 772 1261 codice
781 1209 809 1260 Α
821 1214 978 1276 quotamen‚
991 1207 1019 1260 in
1029 1209 1057 1260 B
1066 1204 1193 1276 quodiam

190 1294 364 1347 factumest.
402 1295 477 1346 Nam
495 1295 532 1347 ad
551 1293 708 1348 huiusmodi
728 1293 879 1349 antithesin
898 1300 1039 1348 attamen
1061 1293 1194 1348 inseruire

192 1381 276 1434 credo
296 1379 339 1434 his
359 1379 425 1432 locis
448 1380 521 1433 And.
536 1379 569 1434 iv.
595 1396 617 1435 1.
640 1397 671 1449 13
693 1383 849 1436 Attamen
870 1383 936 1435 ‘ubi
948 1382 1040 1452 fides’
1058 1384 1087 1434 si
1105 1398 1193 1452 roges,

192 1467 269 1521 nz'lzil
278 1469 388 1536 pudent
404 1467 468 1521 liic:
490 1467 537 1521 ubi
554 1468 768 1538 Vmpienbachii
787 1468 896 1522 codices
916 1468 943 1522 in
962 1475 1104 1522 attamen
1127 1487 1194 1522 con-

193 1553 307 1624 spirant,
320 1552 373 1608 nisi
391 1555 467 1623 quod
486 1553 513 1607 in
534 1572 589 1608 uno
609 1556 759 1609 adtamen
782 1555 858 1625 prius
877 1555 1010 1626 scriptum
1029 1566 1091 1610 est:
1113 1558 1194 1610 Caes.

194 1645 226 1695 B.
241 1644 272 1695 C.
285 1641 319 1695 iii.
334 1654 376 1710 37.
390 1657 405 1694 2
420 1643 479 1695 Sed
490 1660 554 1697 cum
570 1648 639 1696 esset
656 1644 734 1696 inter
750 1643 817 1696 bina
838 1650 932 1697 castra
951 1647 1066 1713 campus
1085 1645 1198 1697 n'rciter

193 1731 304 1782 nn‘lium
313 1734 451 1799 passuum
462 1747 517 1796 sex,
528 1731 673 1783 Domitius
685 1733 785 1784 castris
794 1731 936 1800 Scipionis
944 1733 1030 1784 aciem
1039 1748 1122 1783 suam
1131 1731 1194 1783 sub-

192 1819 275 1872 iecit:
298 1817 347 1870 ille
364 1837 383 1870 a
401 1817 479 1870 uallo
501 1834 557 1870 non
578 1818 714 1871 discedere
727 1821 930 1887 perseuerauit.
952 1823 1094 1872 attamen
1114 1834 1196 1888 aegre

193 1907 308 1958 retentis
315 1905 489 1957 Domitianis
496 1905 633 1958 militibus
644 1905 802 1974 estfactum
814 1922 849 1957 nc
855 1905 965 1974 proelio
977 1906 1194 1958 contenderetur.

213 1999 215 2004 '
231 1991 376 2062 [Maduico
386 1993 535 2046 obsecutus
544 1997 677 2045 actamen
691 1990 718 2045 in
731 2001 867 2060 apparatu
877 1991 971 2045 critico
979 1990 1096 2061 praetuli
1108 2011 1114 2045 :
1128 2003 1196 2046 nota

194 2089 257 2134 sunt
277 2097 349 2150 quae
366 2079 410 2132 ille
425 2080 460 2133 de
470 2096 504 2133 ac
514 2086 607 2132 tamen
620 2078 760 2149 praecepit
774 2079 809 2133 de
823 2081 845 2131 F
848 2077 884 2133 in.
898 2078 922 2133 ii.
936 2093 978 2145 27.
993 2081 1042 2147 853
1057 2097 1082 2132 v.
1096 2094 1139 2146 32.
1152 2094 1197 2147 94.

195 2169 251 2223 Sed
264 2169 391 2222 nondum
404 2168 441 2221 ad
452 2168 534 2222 finem
546 2185 579 2222 ea
589 2166 716 2237 quaestio
729 2166 838 2221 uidetur
849 2168 991 2236 perducta,
1001 2185 1054 2222 nec
1067 2166 1195 2236 cuiquam

194 2253 309 2309 dubium
320 2254 370 2309 erit
383 2255 411 2308 in
423 2254 545 2310 Andriae
559 2265 632 2309 certe
646 2255 706 2308 loco
719 2255 760 2308 ad
768 2255 812 2308 uel
826 2260 857 2308 at
868 2262 970 2323 tamen,
984 2273 1040 2308 non
1051 2261 1196 2320 euctemon,

194 2342 354 2398 Terentium
367 2341 530 2412 scripsisse]

230 2433 294 2499 872
313 2429 417 2500 luitque
436 2440 464 2484 et
483 2431 594 2484 fortuna
618 2440 646 2484 et
668 2428 817 2484 clementia
837 2429 966 2485 Caesaris
987 2430 1101 2499 dignum
1120 2431 1196 2500 quod

194 2535 277 2572 nemo
290 2536 324 2572 ex
336 2515 379 2571 his
399 2517 445 2587 qui
458 2529 553 2572 contra
574 2535 639 2572 eum
659 2535 738 2572 arma
756 2518 877 2573 tulerant
896 2519 932 2572 ab
951 2534 984 2571 eo
998 2517 1119 2572 iussuiue
1137 2517 1195 2571 eius

195 2605 377 2674 interemptus
403 2607 439 2658 D.
461 2607 578 2658 Brutum
602 2604 717 2658 Antonii
742 2603 879 2658 interemit
906 2603 1054 2658 crudelitas
1080 2607 1195 2658 Sextum

196 2690 359 2760 Pompeium
382 2691 443 2750 †ab
465 2691 565 2745 eodem
586 2688 690 2744 uictum
713 2689 787 2744 idem
808 2689 945 2744 Antonius
969 2707 1032 2743 cum
1054 2690 1196 2760 dignitatis

195 2796 305 2849 quoque
318 2777 439 2832 dedisset
454 2779 537 2832 fidem
551 2773 634 2831 etiam
647 2795 687 2846 pr.
702 2776 775 2846 (del.)
790 2777 887 2846 spiritu
900 2775 1027 2846 priuauit.
1039 2778 1077 2830 A.

232 2869 343 2920 Incerta
364 2865 471 2919 uidetur
487 2863 647 2919 emendatio
664 2863 781 2918 Acidalii
798 2865 832 2917 ab
853 2867 1048 2932 redeuntum,
1067 2865 1196 2936 quamuis

195 2971 229 3008 ex
250 2951 465 3024 palaeographia
487 2951 554 3006 satis
576 2952 793 3006 commendetur.
831 2950 877 3006 Sic
898 2950 972 3005 enim
992 2953 1067 3022 apud
1088 2951 1196 3006 Liuium

195 3055 238 3111 45.
255 3056 286 3108 13
307 3059 352 3094 eos
373 3040 406 3093 de
423 3058 452 3094 se
469 3057 525 3093 non
543 3057 643 3110 rogare
656 3039 759 3093 iactum
779 3049 821 3093 est
838 3041 987 3093 eosdemse
1004 3057 1061 3094 non
1079 3057 1197 3111 rogare3

196 3143 238 3199 45.
255 3130 286 3183 18
305 3129 338 3182 id
352 3145 477 3182 exercerc
493 3127 597 3182 iactum
615 3136 657 3180 est
674 3127 747 3180 idem
764 3144 889 3180 exercere
902 3125 1032 3196 (Maduig
1046 3127 1198 3180 Emendat.

197 3216 302 3271 Liuian.
316 3234 362 3286 pp.
377 3228 435 3283 597,
450 3215 521 3284 599).
559 3215 616 3270 Sed
629 3216 730 3268 haereo
744 3212 771 3266 in
784 3231 822 3281 co,
836 3215 911 3284 quod
925 3213 1091 3284 interpositis
1103 3213 1196 3268 uerbis

197 3305 234 3358 D.
247 3306 373 3358 Brutum
385 3303 510 3356 Antonii
520 3303 662 3355 interemit
674 3300 825 3355 crudelitas
837 3318 893 3354 non
907 3302 977 3355 bene
995 3302 1030 3354 ad
1046 3303 1196 3354 Caesarem

196 3391 319 3445 refertur.
358 3391 537 3459 Quamquam
556 3387 628 3442 obici
640 3397 733 3457 potest
751 3389 928 3442 Paterculum
945 3386 1134 3456 neglegentius
1152 3386 1197 3440 hic

197 3477 225 3531 id
238 3494 392 3547 pronomen
409 3474 607 3544 multiplicasse
620 3481 716 3528 contro
729 3492 808 3527 eum.
821 3515 827 3528 .
839 3514 846 3529 .
856 3474 891 3526 ab
902 3493 932 3528 eo
942 3515 949 3528 .
959 3515 965 3528 .
977 3514 983 3527 .
994 3477 1108 3527 iussuue
1119 3476 1196 3541 eius3

197 3564 272 3634 quod
294 3563 316 3617 si
336 3574 378 3617 ter
395 3561 422 3616 in
442 3580 498 3616 una
516 3562 639 3615 clausula
657 3560 760 3628 lecerit,
780 3561 853 3615 idem
871 3577 1024 3630 pronomen
1043 3560 1079 3613 de
1096 3561 1197 3614 eodem

197 3652 302 3708 dictum
315 3654 436 3706 Caesare
448 3649 539 3705 fraudi
551 3649 703 3719 legentibus
715 3667 772 3704 non
785 3649 905 3703 futurum
919 3649 1012 3703 fuisse.
1041 3649 1098 3703 Sed
1110 3650 1198 3703 multo

197 3741 289 3797 uerius
311 3740 339 3794 id
360 3742 396 3795 de
418 3740 533 3810 repetito
554 3741 589 3793 ab
612 3740 712 3805 eodem,
731 3741 804 3792 idem
825 3737 879 3792 dici
900 3747 1018 3808 poterat,
1037 3755 1101 3791 cum
1122 3737 1197 3792 enim

199 3831 314 3884 Sextum
337 3826 501 3898 Pompeium
523 3826 568 3897 qui
591 3825 727 3882 interemit
746 3823 885 3880 Antonius
907 3843 963 3879 non
985 3823 1059 3880 idem
1079 3823 1197 3893 uicisset,

680 3937 723 3989 171
