2996 4520
592 412 748 471 VELLEI
770 412 1010 474 PATERCVLI

298 577 430 639 diceres:
460 580 498 638 de
523 576 607 638 cuius
631 577 686 638 uiri
708 580 787 638 claro
809 577 929 655 ingenio
951 577 1119 656 celebrique
1142 578 1299 639 consulatu

271 674 506 752 apraediximus.
549 673 620 734 anni
641 674 703 735 eius
724 674 837 734 aestiua
855 695 950 752 usque
971 675 1001 734 in
1021 696 1155 737 mensem
1174 679 1299 736 Decem-

300 772 398 832 brem
416 774 559 849 perducta
585 771 712 834 inmanis
746 775 981 834 emolumentum
1016 776 1112 834 secere
1146 772 1295 835 uictoriae.

142 859 144 871 ’
231 929 234 936 ,
299 868 393 946 pietas
421 889 474 928 sua
498 869 656 931 Caesarem
684 889 779 946 paene
807 870 964 930 obstructis
988 870 1087 932 hieme
1111 871 1238 949 Alpibus
1265 871 1296 930 in

299 967 403 1026 urbem
425 966 509 1026 traxit
519 988 528 1040 ;
558 969 597 1027 ad
617 969 740 1028 tutelam
760 967 865 1045 imperi
886 988 955 1028 eum
976 968 1053 1029 ueris
1073 969 1158 1030 initio
1182 969 1297 1030 reduxit
1314 992 1328 1040 5

299 1063 330 1122 in
355 1063 554 1136 Germaniam,
578 1065 609 1124 in
632 1065 715 1125 cuius
738 1064 843 1126 mediis
866 1064 975 1125 finibus
999 1067 1038 1127 ad
1063 1078 1152 1144 caput
1176 1066 1297 1136 †Iuliae

299 1160 429 1220 fluminis
444 1161 568 1221 hiberna
581 1161 748 1238 digrediens
762 1161 899 1239 princeps
914 1164 1070 1223 locauerat.

225 1266 285 1324 106
340 1260 398 1318 Pro
417 1257 459 1318 dii
479 1258 560 1332 boni,
582 1260 686 1336 quanti
706 1259 866 1320 uoluminis
888 1280 977 1338 opera
997 1261 1166 1340 insequenti
1186 1273 1297 1323 aestate

298 1356 355 1416 sub
374 1358 451 1416 duce
468 1356 589 1417 Tiberio
609 1359 736 1419 Caesare
754 1356 916 1434 gessimus!
938 1361 1111 1434 perlustrata
1126 1359 1215 1419 armis
1235 1371 1297 1420 tota

299 1452 459 1513 Germania
482 1465 534 1526 est,
560 1453 657 1514 uictae
679 1466 781 1532 gentes
803 1474 898 1531 paene
923 1455 1095 1516 nominibus
1117 1455 1293 1533 incognitae,
1314 1476 1345 1510 10

298 1563 433 1628 receptae
469 1552 659 1612 Cauchomm
693 1551 848 1612 nationes:
888 1552 986 1612 omnis
1020 1573 1124 1613 eorum
1158 1553 1297 1613 iuuentus

298 1647 414 1708 infinita
426 1668 559 1722 numero,
575 1647 711 1708 inmensa
724 1648 906 1726 corporibus,
922 1648 979 1710 situ
993 1651 1127 1710 locorum
1142 1649 1295 1722 tutissima,

299 1745 412 1806 traditis
425 1745 514 1805 armis
528 1766 589 1805 una
603 1766 671 1805 cum
689 1746 816 1806 ducibus
835 1745 895 1806 suis
915 1758 1016 1824 saepta
1032 1746 1156 1824 fulgenti
1173 1758 1298 1807 armato

298 1862 357 1919 que
372 1842 498 1904 militum
520 1853 687 1902 nostrorum
708 1842 825 1920 agmine
846 1854 915 1903 ante
935 1842 1118 1921 imperatoris
1140 1843 1297 1921 procubuit

274 1938 434 2004 2tribunal.
485 1938 569 1998 fracti
591 1939 788 2017 Langobardi,
810 1960 882 2016 gens
904 1939 992 2000 etiam
1015 1943 1164 2001 Germana
1184 1941 1297 2002 feritate
1312 1961 1345 2012 ¹5

299 2034 442 2110 ferocior,
476 2035 606 2113 denique
628 2039 711 2112 quod
735 2057 899 2114 numquam
923 2049 1011 2097 antea
1032 2058 1085 2115 spe
1108 2049 1295 2115 conceptum,

300 2134 411 2192 nedum
426 2152 515 2209 opere
530 2144 706 2210 temptatum
721 2145 790 2206 erat,
806 2137 845 2197 ad
864 2133 1188 2212 quadringentesimum
1208 2134 1298 2194 milia-

299 2228 375 2288 rium
402 2249 420 2288 a
445 2232 554 2290 Rheno
578 2250 673 2308 usque
700 2233 739 2292 ad
764 2233 875 2292 flumen
900 2231 1010 2305 Albim,
1037 2232 1088 2310 qui
1113 2234 1297 2293 Semnonum

301 2329 641 2407 Hermundurorumque
656 2330 729 2388 fines
744 2329 931 2406 praeterfluit,
948 2332 1104 2390 Romanus
1122 2350 1190 2390 cum
1208 2329 1297 2407 signis

271 2452 285 2500 3
300 2425 459 2499 perductus
474 2423 625 2486 exercitus.
669 2436 699 2485 et
713 2429 820 2486 eadem
835 2426 908 2486 mira
922 2426 1061 2486 felicitate
1075 2438 1105 2487 et
1119 2447 1190 2486 cura
1203 2427 1296 2500 ducis,
1313 2451 1347 2486 πο

300 2531 467 2597 temporum
482 2542 603 2599 quoque
617 2522 813 2597 obseruantia,
824 2523 939 2596 classiS,
956 2544 1033 2601 quae
1048 2523 1162 2584 Oceani
1177 2524 1299 2584 circum-

298 2617 489 2695 nauigauerat
513 2620 603 2694 sinus,
626 2621 665 2681 ab
688 2621 822 2682 inaudito
845 2633 935 2700 atque
958 2622 1109 2699 incognito
1134 2633 1203 2682 ante
1225 2623 1299 2682 mari

299 2716 422 2777 flumine
444 2717 514 2778 Albi
535 2718 686 2792 subuecta,
709 2739 771 2777 cum
796 2719 987 2796 plurimarum
1008 2720 1141 2797 gentium
1166 2719 1297 2794 uictoria,

333 2889 344 2920 1
364 2871 457 2936 clarell.
470 2874 575 2934 ingenio
588 2875 732 2936 celebrique
747 2877 853 2936 ingenie
866 2876 999 2924 consulatu
1011 2875 1037 2922 A
1052 2875 1062 2934 (
1083 2875 1125 2934 '):
1148 2875 1217 2923 claro
1233 2876 1298 2924 cele·

298 2940 387 3000 brique
399 2955 469 2987 cons.
481 2939 507 2986 P
615 2957 630 3001 4
648 2946 711 2988 et10
734 2957 802 3002 pene
813 2941 839 2988 A
897 2941 1021 2989 extructis
1032 2940 1100 2989 AP:
1118 2942 1171 2990 obs.
1187 2939 1299 2990 Gelenms

298 3018 313 3065 5
331 3004 363 3052 ad
376 3005 481 3053 tutelam
497 3005 613 3067 imperii:
635 3021 693 3052 eum
709 3004 767 3065 ΑΡ,
781 3023 870 3068 sequor
882 3007 961 3054 Vossii
973 3007 1163 3055 distinctionem:
1180 3012 1206 3054 at
1218 3007 1299 3056 tutela

298 3071 315 3119 i.
329 3086 387 3118 eum
399 3086 423 3120 u.
445 3071 463 3119 i.
483 3071 585 3118 reduxit
602 3069 710 3133 Lipsms,
723 3072 794 3133 prob.
812 3072 886 3120 Kritz
908 3079 930 3120 et
945 3071 1027 3120 Halm
1159 3071 1214 3119 initi
1229 3072 1298 3121 AP:

301 3136 380 3183 ‘alias
397 3137 465 3184 ueris
477 3135 717 3184 initio'Rhmanus
813 3135 1056 3199 emptaeLpsius
1117 3137 1302 3198 7hybernaP

298 3201 356 3248 ain
376 3199 510 3268 sequentia
528 3203 552 3250 A
676 3217 707 3249 10
723 3208 762 3250 est
779 3201 822 3250 del.
845 3203 925 3264 Heral,
947 3200 1078 3250 Gudeman
1151 3200 1295 3266 egentesA

301 3281 331 3314 12
348 3267 448 3314 infinito
459 3266 485 3313 A
554 3267 677 3314 immensa
688 3266 715 3314 P
778 3268 930 3316 tutissimam
941 3268 1050 3315 traditus
1063 3269 1133 3329 (corr.
1147 3269 1172 3315 in
1185 3269 1296 3328 traditis)

298 3331 324 3378 A
450 3347 480 3393 13
496 3339 570 3393 septa
587 3331 641 3379 ΑΡ
762 3347 791 3392 15
810 3333 971 3394 Langobardi
993 3332 1034 3380 B:
1063 3333 1225 3394 Longobardi
1247 3330 1301 3380 ΑΡ

299 3396 402 3459 geneA
507 3399 538 3444 16
554 3405 615 3445 ante
626 3398 697 3458 alpes
709 3396 764 3457 del,
776 3398 831 3446 da'n
841 3406 962 3461 suprascr.
976 3405 1051 3446 antea
1063 3398 1159 3460 spesA
1268 3414 1297 3459 17

298 3469 423 3510 tentatum
434 3461 489 3509 ΑΡ
534 3463 830 3524 quadrigentesimumA
916 3466 946 3512 18
963 3463 1048 3511 Aibim
1062 3463 1087 3510 A
1140 3464 1297 3512 Semnonum

298 3526 434 3584 Puteanus,
450 3527 478 3588 {fi
497 3527 672 3589 Mon.Ancyr.
686 3544 709 3577 v.
724 3545 752 3589 17
771 3527 928 3577 Mommsen:
955 3529 1086 3577 Senonum
1098 3528 1153 3576 ΑΡ
1267 3543 1298 3591 19

299 3592 588 3655 Hermundurorumque
605 3592 802 3658 Mallm(1756):
824 3594 1082 3655 Hermundorumque
1099 3593 1153 3642 ΑΡ
1265 3610 1297 3642 ao

299 3658 387 3706 eadem
399 3658 488 3706 Kn‘ta:
511 3661 602 3707 eodem
619 3658 673 3706 ΑΡ
758 3660 847 3710 saet.A
982 3675 1013 3708 aa
1032 3660 1108 3708 maris
1126 3659 1229 3709 llumine
1246 3658 1295 3708 labi

298 3723 323 3769 Α
424 3739 456 3784 23
469 3739 525 3771 cum
535 3724 630 3772 addai:
647 3730 720 3785 parta
729 3725 785 3774 add.
795 3725 878 3773 Halm
930 3724 1021 3774 uictori
1033 3724 1186 3776 Burmann:
1205 3725 1296 3774 uictrix

297 3786 426 3902 eltlzduuggm
441 3796 499 3850 post
510 3789 544 3851 pL
557 3804 580 3850 g.
594 3790 729 3838 uictoriam
746 3789 928 3854 Fraudenbcrg:
949 3791 1008 3853 apl.
1023 3805 1047 3851 g.
1061 3791 1167 3839 uictoria
1188 3791 1298 3839 Thomas

427 3871 461 3902 an

768 3933 815 3982 116
