3024 4568
481 405 826 468 COMMENTARIVS
849 409 1048 472 CRITICVS

265 579 307 624 est
320 568 347 622 in
360 571 387 624 Α
402 588 452 640 pro
466 588 532 628 uero
544 578 714 638 mutaturus,
728 572 786 628 siue
800 573 838 628 sic
852 574 965 628 correxit
980 575 1141 642 Rhenanus,
1156 575 1212 630 siue
1225 576 1262 630 ita

265 657 538 712 luitinMurbacensi.
555 659 763 727 quiVossiusin
773 663 820 714 eui
828 661 1033 730 correxit,quod
1043 679 1099 715 non
1108 673 1137 715 ut
1145 661 1262 718 Kritzius

265 744 438 798 indefinitum
460 745 551 799 habeo
573 745 681 814 (altem)
707 747 757 800 sed
780 747 941 814 relatiuum3
970 747 1034 802 illud
1062 749 1262 802 dubitationem

266 843 368 899 mouet,
381 835 429 886 cui
437 850 473 885 an
482 835 549 900 quoe¹
558 851 592 886 an
602 836 653 902 qui
662 852 696 888 ex
706 835 851 888 Paterculo
862 835 974 889 uenerit.
995 837 1021 888 N
1024 853 1070 888 am
1079 837 1131 904 qui
1139 835 1262 891 datiuum

266 921 372 974 habent
389 920 498 974 codices
517 921 616 976 Catulli
629 920 654 976 ii.
667 936 692 988 3,
704 921 774 977 xxiv.
792 933 814 989 5,
828 921 898 976 lxvii.
912 934 954 988 47,
969 921 1077 976 Lucreti
1091 921 1126 978 iv.
1140 935 1181 992 51,
1191 923 1264 979 Var-

267 1008 340 1062 ronis
364 1010 398 1063 R.
417 1010 450 1062 R.
470 1007 504 1062 iii.
527 1022 565 1062 12.
587 1023 597 1061 1
613 1011 743 1077 primum
763 1009 862 1075 locum,
884 1011 935 1076 qui
955 1014 996 1061 'est
1005 1009 1143 1079 facultas,
1162 1009 1263 1079 et'gere

266 1099 379 1164 oportet,
405 1093 480 1163 quod
504 1094 671 1150 simillimum
696 1104 738 1148 est
763 1095 826 1150 huic
849 1098 902 1164 qui
920 1095 1071 1150 Velleiano.
1120 1095 1213 1152 Etiam
1235 1096 1262 1148 in

268 1182 324 1237 Cic.
339 1184 407 1250 Rep.
420 1181 455 1237 iii.
469 1197 507 1236 11.
521 1196 553 1250 19
566 1183 715 1251 CVIQVE
728 1182 802 1252 quod
816 1182 891 1251 prius
905 1192 1029 1236 exararat
1043 1182 1134 1236 scriba
1146 1182 1263 1252 palimp-

266 1268 332 1324 sesti
352 1278 415 1338 post
438 1279 591 1324 correctum
617 1279 659 1325 est
685 1269 712 1323 in
738 1271 899 1338 QVIQVE,
924 1279 995 1325 teste
1021 1271 1068 1324 Du
1093 1269 1163 1324 Rieu
1188 1271 1262 1339 apud

268 1354 419 1410 Hmmmm.

304 1444 408 1496 Contra
431 1442 613 1496 Thomasium
640 1441 753 1496 Halmio
778 1442 933 1512 adstipulor
952 1449 993 1496 est
1013 1454 1075 1512 post
1100 1450 1264 1497 mutaturus

265 1530 413 1584 excidisse:
436 1531 480 1584 uix
499 1531 619 1586 dicturus
637 1539 697 1584 erat
715 1533 763 1584 cui
770 1532 923 1602 fortunam
943 1537 1107 1586 mutaturus
1124 1533 1191 1584 deus
1208 1549 1263 1586 non

265 1617 374 1672 adiecto
386 1624 427 1672 est
439 1619 482 1672 uel
495 1619 540 1672 sit.

302 1721 349 1774 119
363 1704 526 1772 aexercitus
545 1705 669 1760 omnium
688 1705 892 1762 fortissimus..
907 1748 913 1760 .
928 1708 1026 1761 Marco
1048 1705 1158 1760 reducis
1181 1704 1263 1772 (mar-

267 1810 330 1846 core
353 1793 431 1846 ducis
448 1792 485 1860 P)
510 1793 626 1860 perfidia
645 1793 732 1850 hostis
752 1792 893 1862 iniquitate
913 1793 1040 1846 fortunae
1061 1793 1264 1848 circumuentus

267 1897 330 1934 cum
340 1898 375 1933 ne
385 1879 527 1949 pugnandi
539 1879 650 1948 quidem
664 1879 774 1948 egredie
790 1880 871 1946 (corr.
879 1883 910 1934 in
922 1879 1041 1948 egregie)
1053 1889 1100 1936 aut
1111 1879 1264 1934 occasionis

266 1967 294 2021 in
308 1977 441 2036 quantum
454 1967 598 2020 uoluerant
612 1968 678 2022 data
694 1977 769 2022 esset
786 1966 888 2022 imonis
901 1966 1042 2035 castigatis
1055 1967 1138 2020 etiam
1151 1967 1266 2037 quibus-

267 2054 333 2107 dam
347 2054 424 2123 graui
436 2072 527 2124 poena
544 2053 590 2123 qui
602 2072 619 2107 a
636 2053 711 2124 (quia
723 2055 760 2122 P)
776 2053 910 2108 Romanis
923 2065 951 2108 et
963 2054 1046 2108 armis
1060 2064 1088 2108 et
1105 2053 1191 2108 animi
1208 2055 1264 2110 suis

266 2141 382 2194 fuissent
396 2183 402 2196 .
417 2183 423 2196 .
438 2183 443 2195 .
456 2141 607 2195 trucidatus
621 2152 671 2196 est.
685 2142 721 2196 Α.

302 2227 532 2295 egrediemur:
546 2227 655 2295 egregie
665 2229 698 2283 P.
730 2228 794 2297 quia
804 2228 939 2284 Romanis
948 2238 975 2282 et
984 2227 1066 2282 armis
1077 2237 1104 2282 et
1114 2227 1213 2282 animis
1222 2227 1265 2283 usi

266 2315 381 2370 fuissent
390 2316 431 2381 P;
446 2313 586 2382 ‘suspicor
598 2315 746 2382 legendum
759 2315 806 2385 qui
819 2334 836 2368 a
850 2301 982 2370 Romanis
995 2325 1022 2368 et
1032 2315 1116 2368 armis
1126 2324 1153 2368 et
1166 2314 1265 2370 animis

267 2401 318 2456 uisi
330 2401 452 2456 fuissent.
490 2411 518 2454 ut
531 2401 576 2455 hic
589 2403 703 2454 uerbum
716 2401 828 2471 aliquod
841 2403 940 2456 deesse
953 2402 1096 2455 uideatur!
1126 2403 1229 2458 Burer.

304 2491 347 2542 Ex
359 2489 454 2543 Bureri
464 2487 621 2544 testimonio
631 2498 658 2543 et
668 2489 844 2544 Amerbachii
854 2489 942 2558 prima
955 2506 1039 2543 manu
1050 2489 1148 2558 colligo
1157 2488 1266 2559 egredie

267 2579 310 2634 uel
328 2577 438 2648 egredi?
456 2576 522 2644 (non
542 2575 659 2646 egregie)
679 2576 771 2646 potius
789 2577 878 2632 uisum
896 2578 1050 2646 essequod
1071 2575 1265 2630 Murbacensis

267 2665 371 2719 habuit.
410 2666 474 2718 Hoc
487 2664 552 2733 quid
567 2663 653 2732 potuit
666 2681 727 2718 esse
741 2663 793 2719 nisi
809 2662 1014 2734 egredienldi]?
1046 2666 1082 2717 Et
1100 2664 1266 2717 confirmant

267 2751 320 2805 loci
339 2769 408 2822 quos
426 2769 460 2804 ex
478 2749 576 2806 Tacito
596 2751 715 2804 Caesare
736 2750 812 2806 Liuio
831 2767 887 2804 non
906 2768 1011 2819 paucos
1029 2751 1119 2806 attulit
1139 2750 1266 2806 KritziuS.

268 2838 435 2892 Adiecerunt
448 2855 482 2890 ue
496 2836 611 2891 Vossius
630 2847 656 2890 et
677 2837 840 2892 Maduicus:
861 2854 916 2906 quo
929 2847 1039 2906 recepto
1052 2838 1201 2894 delendum
1214 2837 1265 2891 erit

268 2931 335 2979 aut:
358 2923 479 2978 Haasius
492 2925 614 2977 malebat
627 2929 679 2976 aut
688 2924 854 2994 egrediendi.
881 2923 1031 2992 Sequentia
1040 2924 1078 2978 sic
1088 2924 1266 2978 emendanda

268 3029 384 3072 censeo:
403 3014 506 3066 occasio
519 3011 598 3081 uis[i]
614 3009 741 3079 r‘u[t']qua
755 3011 814 3080 [uec
825 3014 856 3065 in
869 3010 1021 3080 qua]utum
1035 3015 1185 3066 uoluerant
1195 3012 1266 3066 dota

268 3107 336 3154 esset
348 3101 480 3167 inmunis,
495 3100 546 3153 ‘no
564 3099 742 3169 opportunity
761 3099 864 3166 having
881 3100 953 3152 been
971 3101 1089 3153 allowed
1106 3101 1181 3152 them
1195 3116 1265 3154 even

269 3188 301 3241 os
316 3186 433 3254 fighting
450 3203 482 3238 or
500 3186 531 3239 ol
547 3185 657 3254 leaving
674 3186 721 3238 the
742 3202 824 3254 camp
846 3196 942 3256 except
961 3186 1050 3240 under
1067 3186 1266 3242 unlavourable

269 3273 422 3328 conditions
435 3274 492 3326 and
505 3272 619 3327 without
632 3271 779 3340 immunity
791 3273 963 3340 guaranteed
980 3274 1056 3326 them
1070 3283 1098 3326 to
1110 3274 1156 3327 the
1172 3282 1266 3326 extent

269 3363 336 3430 they
355 3360 475 3415 wished'
521 3362 653 3414 Inmunis
671 3359 769 3414 dicitur
787 3361 889 3413 occasio
907 3377 978 3429 quae
997 3360 1084 3414 libera
1101 3370 1174 3414 esset
1190 3371 1266 3414 metu

271 3447 413 3516 supplicii;
442 3447 516 3500 uelut
537 3447 560 3501 si
572 3456 702 3516 poscente
721 3456 846 3514 tempore
868 3447 958 3500 subito
980 3447 1171 3506 excedendum
1193 3458 1266 3502 esset

269 3534 367 3590 castris
380 3535 416 3588 ad
429 3534 610 3603 eruptionem,
624 3551 680 3587 non
693 3534 833 3589 audebant
843 3533 937 3602 egredi
947 3533 1011 3602 quia
1021 3533 1048 3588 id
1061 3534 1163 3604 inpune
1175 3535 1267 3588 lacere

269 3639 325 3678 non
339 3621 438 3675 licebat
450 3630 477 3676 et
491 3620 643 3677 inminebat
656 3637 746 3689 poena
759 3629 903 3689 tamquam
916 3620 1015 3675 delicti.

305 3709 400 3764 Verba
409 3711 461 3778 qui
471 3727 489 3762 a
498 3709 634 3762 Romanis
646 3713 673 3762 et
684 3708 775 3760 armis
784 3713 811 3760 et
819 3709 912 3761 animi
918 3711 977 3762 suis
986 3709 1102 3776 (am'mis
1111 3710 1157 3764 usi
1167 3709 1267 3774 Rhem,

269 3798 374 3852 animis
392 3797 452 3853 uisi
469 3794 566 3863 Burer)
580 3793 712 3852 audacius
731 3793 849 3852 fortasse
868 3793 908 3854 sic
926 3794 1048 3863 corrigas
1060 3797 1129 3864 quea
1145 3797 1269 3853 Romani

746 3891 792 3944 186
