<?xml version="1.0" encoding="UTF-8"?>
<!DOCTYPE html PUBLIC "-//W3C//DTD XHTML 1.0 Transitional//EN"
    "http://www.w3.org/TR/xhtml1/DTD/xhtml1-transitional.dtd">
<html xmlns="http://www.w3.org/1999/xhtml" xml:lang="en" lang="en">
 <head>
  <title>
</title>
<meta http-equiv="Content-Type" content="text/html;charset=utf-8" />
  <meta name='ocr-system' content='tesseract 3.04.00' />
  <meta name='ocr-capabilities' content='ocr_page ocr_carea ocr_par ocr_line ocrx_word'/>
</head>
<body>
  <div class='ocr_page' id='page_1' title='image "./velleipaterculi00elligoog_0210.png"; bbox 0 0 3024 4568; ppageno 0'>
   <div class='ocr_carea' id='block_1_1' title="bbox 421 445 1020 507">
    <p class='ocr_par' dir='ltr' id='par_1_1' title="bbox 421 445 1020 507">
     <span class='ocr_line' id='line_1_1' title="bbox 421 445 1020 507; baseline 0.002 -3"><span class='ocrx_word' id='word_1_1' title='bbox 421 445 468 505; x_wconf 92' lang='lat' dir='ltr'><strong>IN</strong></span> <span class='ocrx_word' id='word_1_2' title='bbox 489 446 710 505; x_wconf 91' lang='lat' dir='ltr'><strong>VELLEIVM</strong></span> <span class='ocrx_word' id='word_1_3' title='bbox 732 447 1020 507; x_wconf 90' lang='lat' dir='ltr'><strong>PATERCVLVM</strong></span> 
     </span>
    </p>
   </div>
   <div class='ocr_carea' id='block_1_2' title="bbox 222 610 1225 1207">
    <p class='ocr_par' dir='ltr' id='par_1_2' title="bbox 222 610 1225 1032">
     <span class='ocr_line' id='line_1_2' title="bbox 224 610 1223 679; baseline 0.002 -17"><span class='ocrx_word' id='word_1_4' title='bbox 224 611 331 663; x_wconf 80' lang='lat' dir='ltr'><strong>uideris</strong></span> <span class='ocrx_word' id='word_1_5' title='bbox 342 611 495 678; x_wconf 54' lang='lat' dir='ltr'><strong>essequod</strong></span> <span class='ocrx_word' id='word_1_6' title='bbox 508 615 536 662; x_wconf 80' lang='lat' dir='ltr'><strong>et</strong></span> <span class='ocrx_word' id='word_1_7' title='bbox 553 611 640 664; x_wconf 86' lang='lat' dir='ltr'><strong>bonus</strong></span> <span class='ocrx_word' id='word_1_8' title='bbox 658 612 729 664; x_wconf 81' lang='lat' dir='ltr'><strong>ciuis</strong></span> <span class='ocrx_word' id='word_1_9' title='bbox 746 617 774 663; x_wconf 84' lang='lat' dir='ltr'><strong>et</strong></span> <span class='ocrx_word' id='word_1_10' title='bbox 790 613 876 664; x_wconf 85' lang='lat' dir='ltr'><strong>bonus</strong></span> <span class='ocrx_word' id='word_1_11' title='bbox 888 614 995 666; x_wconf 87' lang='lat' dir='ltr'><strong>amicus</strong></span> <span class='ocrx_word' id='word_1_12' title='bbox 1006 629 1040 679; x_wconf 82' lang='lat' dir='ltr'><strong>es,</strong></span> <span class='ocrx_word' id='word_1_13' title='bbox 1055 610 1122 664; x_wconf 85' lang='lat' dir='ltr'>nihil</span> <span class='ocrx_word' id='word_1_14' title='bbox 1135 612 1223 665; x_wconf 93' lang='lat' dir='ltr'><strong>adno-</strong></span> 
     </span>
     <span class='ocr_line' id='line_1_3' title="bbox 224 695 1225 762; baseline 0.003 -13"><span class='ocrx_word' id='word_1_15' title='bbox 224 697 294 750; x_wconf 87' lang='lat' dir='ltr'><strong>tauit</strong></span> <span class='ocrx_word' id='word_1_16' title='bbox 320 695 449 762; x_wconf 90' lang='lat' dir='ltr'><strong>Orellius,</strong></span> <span class='ocrx_word' id='word_1_17' title='bbox 476 697 526 750; x_wconf 88' lang='lat' dir='ltr'><strong>sed</strong></span> <span class='ocrx_word' id='word_1_18' title='bbox 547 697 644 752; x_wconf 88' lang='lat' dir='ltr'><strong>Cicero</strong></span> <span class='ocrx_word' id='word_1_19' title='bbox 666 698 819 751; x_wconf 75' lang='lat' dir='ltr'><strong>distractus</strong></span> <span class='ocrx_word' id='word_1_20' title='bbox 840 698 886 753; x_wconf 87' lang='lat' dir='ltr'><strong>uix</strong></span> <span class='ocrx_word' id='word_1_21' title='bbox 908 709 966 753; x_wconf 88' lang='lat' dir='ltr'><strong>erat</strong></span> <span class='ocrx_word' id='word_1_22' title='bbox 987 699 1118 754; x_wconf 89' lang='lat' dir='ltr'><strong>dicturus.</strong></span> <span class='ocrx_word' id='word_1_23' title='bbox 1162 698 1225 752; x_wconf 90' lang='lat' dir='ltr'><strong>Val.</strong></span> 
     </span>
     <span class='ocr_line' id='line_1_4' title="bbox 227 783 1224 853; baseline 0 -16"><span class='ocrx_word' id='word_1_24' title='bbox 227 785 302 838; x_wconf 88' lang='lat' dir='ltr'><strong>Max.</strong></span> <span class='ocrx_word' id='word_1_25' title='bbox 322 783 377 840; x_wconf 88' lang='lat' dir='ltr'><strong>viii.</strong></span> <span class='ocrx_word' id='word_1_26' title='bbox 395 798 419 851; x_wconf 92' lang='lat'><strong>7.</strong></span> <span class='ocrx_word' id='word_1_27' title='bbox 441 797 471 852; x_wconf 86' lang='lat'><strong>15</strong></span> <span class='ocrx_word' id='word_1_28' title='bbox 491 795 596 840; x_wconf 83' lang='lat' dir='ltr'><strong>extem.</strong></span> <span class='ocrx_word' id='word_1_29' title='bbox 615 788 809 838; x_wconf 82' lang='lat' dir='ltr'><strong>maximarum</strong></span> <span class='ocrx_word' id='word_1_30' title='bbox 833 803 902 840; x_wconf 81' lang='lat' dir='ltr'><strong>cura</strong></span> <span class='ocrx_word' id='word_1_31' title='bbox 920 787 1073 853; x_wconf 68' lang='lat' dir='ltr'><strong>districtus,</strong></span> <span class='ocrx_word' id='word_1_32' title='bbox 1094 784 1224 839; x_wconf 85' lang='lat' dir='ltr'>Halmius</span> 
     </span>
     <span class='ocr_line' id='line_1_5' title="bbox 224 871 1225 943; baseline 0.002 -19"><span class='ocrx_word' id='word_1_33' title='bbox 224 882 303 926; x_wconf 90' lang='lat' dir='ltr'><strong>notat</strong></span> <span class='ocrx_word' id='word_1_34' title='bbox 320 871 349 925; x_wconf 91' lang='lat' dir='ltr'><strong>in</strong></span> <span class='ocrx_word' id='word_1_35' title='bbox 368 872 605 941; x_wconf 72' lang='lat' dir='ltr'><strong>Vlindobonensil</strong></span> <span class='ocrx_word' id='word_1_36' title='bbox 625 890 686 927; x_wconf 92' lang='lat' dir='ltr'><strong>esse</strong></span> <span class='ocrx_word' id='word_1_37' title='bbox 704 874 859 928; x_wconf 80' lang='lat' dir='ltr'><strong>destrictus.</strong></span> <span class='ocrx_word' id='word_1_38' title='bbox 910 874 982 928; x_wconf 87' lang='lat' dir='ltr'><strong>Flor.</strong></span> <span class='ocrx_word' id='word_1_39' title='bbox 1002 873 1038 929; x_wconf 92' lang='lat' dir='ltr'><strong>iii.</strong></span> <span class='ocrx_word' id='word_1_40' title='bbox 1060 886 1083 943; x_wconf 82' lang='lat'><strong>5.</strong></span> <span class='ocrx_word' id='word_1_41' title='bbox 1104 887 1117 943; x_wconf 85' lang='lat'>5</span> <span class='ocrx_word' id='word_1_42' title='bbox 1137 875 1225 926; x_wconf 78' lang='lat' dir='ltr'><strong>lassos</strong></span> 
     </span>
     <span class='ocr_line' id='line_1_6' title="bbox 222 960 1206 1032; baseline 0.001 -20"><span class='ocrx_word' id='word_1_43' title='bbox 222 960 405 1027; x_wconf 84' lang='lat' dir='ltr'><em>simulatque</em></span> <span class='ocrx_word' id='word_1_44' title='bbox 417 961 565 1024; x_wconf 79' lang='lat' dir='ltr'><strong>dr&#39;striclos,</strong></span> <span class='ocrx_word' id='word_1_45' title='bbox 578 960 611 1014; x_wconf 87' lang='lat' dir='ltr'><strong>cs.</strong></span> <span class='ocrx_word' id='word_1_46' title='bbox 625 975 641 1025; x_wconf 86' lang='lat'>4</span> <span class='ocrx_word' id='word_1_47' title='bbox 654 977 717 1013; x_wconf 90' lang='lat' dir='ltr'><strong>cum</strong></span> <span class='ocrx_word' id='word_1_48' title='bbox 730 961 861 1016; x_wconf 83' lang='lat' dir='ltr'><strong>ciuilibus</strong></span> <span class='ocrx_word' id='word_1_49' title='bbox 873 961 951 1014; x_wconf 83' lang='lat' dir='ltr'><strong>bellis</strong></span> <span class='ocrx_word' id='word_1_50' title='bbox 963 961 1206 1032; x_wconf 71' lang='lat' dir='ltr'><strong>distringeremur.</strong></span> 
     </span>
    </p>

    <p class='ocr_par' dir='ltr' id='par_1_3' title="bbox 225 1046 1225 1207">
     <span class='ocr_line' id='line_1_7' title="bbox 261 1046 1223 1118; baseline 0.003 -19"><span class='ocrx_word' id='word_1_51' title='bbox 261 1046 483 1100; x_wconf 89' lang='lat' dir='ltr'><strong>Grammaticam</strong></span> <span class='ocrx_word' id='word_1_52' title='bbox 506 1047 528 1100; x_wconf 89' lang='lat' dir='ltr'><strong>si</strong></span> <span class='ocrx_word' id='word_1_53' title='bbox 551 1057 667 1116; x_wconf 68' lang='lat' dir='ltr'><strong>spectes</strong></span> <span class='ocrx_word' id='word_1_54' title='bbox 691 1047 802 1118; x_wconf 89' lang='lat' dir='ltr'><strong>saepius</strong></span> <span class='ocrx_word' id='word_1_55' title='bbox 823 1047 994 1102; x_wconf 88' lang='lat' dir='ltr'><strong>adiectiuum</strong></span> <span class='ocrx_word' id='word_1_56' title='bbox 1014 1049 1045 1102; x_wconf 88' lang='lat' dir='ltr'><strong>fit</strong></span> <span class='ocrx_word' id='word_1_57' title='bbox 1062 1049 1223 1102; x_wconf 69' lang='lat' dir='ltr'><strong>destrictus:</strong></span> 
     </span>
     <span class='ocr_line' id='line_1_8' title="bbox 225 1133 1225 1207; baseline 0.001 -18"><span class='ocrx_word' id='word_1_58' title='bbox 225 1138 306 1190; x_wconf 92' lang='lat' dir='ltr'><strong>Neue</strong></span> <span class='ocrx_word' id='word_1_59' title='bbox 315 1133 354 1204; x_wconf 83' lang='lat' dir='ltr'><strong>(ii.</strong></span> <span class='ocrx_word' id='word_1_60' title='bbox 367 1136 430 1202; x_wconf 87' lang='lat'><em>227)</em></span> <span class='ocrx_word' id='word_1_61' title='bbox 441 1137 527 1190; x_wconf 87' lang='lat' dir='ltr'><strong>semel</strong></span> <span class='ocrx_word' id='word_1_62' title='bbox 539 1154 573 1190; x_wconf 87' lang='lat' dir='ltr'><strong>ex</strong></span> <span class='ocrx_word' id='word_1_63' title='bbox 586 1137 643 1192; x_wconf 89' lang='lat' dir='ltr'><strong>Cic.</strong></span> <span class='ocrx_word' id='word_1_64' title='bbox 655 1139 689 1207; x_wconf 85' lang='lat' dir='ltr'><strong>Q.</strong></span> <span class='ocrx_word' id='word_1_65' title='bbox 702 1139 747 1192; x_wconf 87' lang='lat' dir='ltr'><strong>Fr.</strong></span> <span class='ocrx_word' id='word_1_66' title='bbox 762 1137 789 1192; x_wconf 89' lang='lat' dir='ltr'><strong>ii.</strong></span> <span class='ocrx_word' id='word_1_67' title='bbox 805 1151 835 1206; x_wconf 87' lang='lat'><strong>15</strong></span> <span class='ocrx_word' id='word_1_68' title='bbox 851 1135 918 1206; x_wconf 82' lang='lat'><strong>(16).</strong></span> <span class='ocrx_word' id='word_1_69' title='bbox 934 1153 944 1191; x_wconf 91' lang='lat'>1</span> <span class='ocrx_word' id='word_1_70' title='bbox 965 1139 1127 1204; x_wconf 78' lang='lat' dir='ltr'><em>districtior,</em></span> <span class='ocrx_word' id='word_1_71' title='bbox 1139 1138 1225 1192; x_wconf 89' lang='lat' dir='ltr'><strong>semel</strong></span> 
     </span>
    </p>
   </div>
   <div class='ocr_carea' id='block_1_3' title="bbox 122 1223 1224 1292">
    <p class='ocr_par' dir='ltr' id='par_1_4' title="bbox 122 1223 1224 1292">
     <span class='ocr_line' id='line_1_9' title="bbox 122 1223 1224 1292; baseline 0.003 -18"><span class='ocrx_word' id='word_1_72' title='bbox 122 1237 123 1240; x_wconf 45' lang='lat'>¹</span> <span class='ocrx_word' id='word_1_73' title='bbox 201 1247 202 1252; x_wconf 14' lang='grc' dir='ltr'><strong>κ</strong></span> <span class='ocrx_word' id='word_1_74' title='bbox 224 1223 449 1276; x_wconf 79' lang='lat' dir='ltr'><strong>districtissimus</strong></span> <span class='ocrx_word' id='word_1_75' title='bbox 469 1240 502 1276; x_wconf 88' lang='lat' dir='ltr'><strong>ex</strong></span> <span class='ocrx_word' id='word_1_76' title='bbox 527 1224 617 1292; x_wconf 91' lang='lat' dir='ltr'><strong>Impp.</strong></span> <span class='ocrx_word' id='word_1_77' title='bbox 636 1225 746 1279; x_wconf 89' lang='lat' dir='ltr'><strong>Valent.</strong></span> <span class='ocrx_word' id='word_1_78' title='bbox 769 1225 908 1279; x_wconf 89' lang='lat' dir='ltr'><strong>Theodos.</strong></span> <span class='ocrx_word' id='word_1_79' title='bbox 934 1235 961 1278; x_wconf 91' lang='lat' dir='ltr'><strong>et</strong></span> <span class='ocrx_word' id='word_1_80' title='bbox 985 1226 1086 1279; x_wconf 87' lang='lat' dir='ltr'><strong>Arcad.</strong></span> <span class='ocrx_word' id='word_1_81' title='bbox 1113 1226 1182 1280; x_wconf 91' lang='lat' dir='ltr'><strong>Cod.</strong></span> <span class='ocrx_word' id='word_1_82' title='bbox 1208 1225 1224 1278; x_wconf 92' lang='lat' dir='ltr'><strong>i.</strong></span> 
     </span>
    </p>
   </div>
   <div class='ocr_carea' id='block_1_4' title="bbox 225 1311 1229 3913">
    <p class='ocr_par' dir='ltr' id='par_1_5' title="bbox 225 1311 1225 1640">
     <span class='ocr_line' id='line_1_10' title="bbox 226 1311 1223 1382; baseline 0.002 -20"><span class='ocrx_word' id='word_1_83' title='bbox 226 1322 239 1377; x_wconf 86' lang='lat'>5</span> <span class='ocrx_word' id='word_1_84' title='bbox 244 1321 267 1378; x_wconf 79' lang='grc'><strong>5.</strong></span> <span class='ocrx_word' id='word_1_85' title='bbox 287 1311 313 1376; x_wconf 90' lang='grc'><strong>6,</strong></span> <span class='ocrx_word' id='word_1_86' title='bbox 332 1320 475 1379; x_wconf 88' lang='lat' dir='ltr'><strong>praeterea</strong></span> <span class='ocrx_word' id='word_1_87' title='bbox 488 1311 644 1364; x_wconf 67' lang='lat' dir='ltr'><strong>districtim</strong></span> <span class='ocrx_word' id='word_1_88' title='bbox 662 1311 824 1366; x_wconf 89' lang='lat' dir='ltr'><strong>aduerbium</strong></span> <span class='ocrx_word' id='word_1_89' title='bbox 840 1313 883 1366; x_wconf 92' lang='lat' dir='ltr'><strong>bis</strong></span> <span class='ocrx_word' id='word_1_90' title='bbox 903 1312 1029 1382; x_wconf 86' lang='lat' dir='ltr'><strong>(Tertull.</strong></span> <span class='ocrx_word' id='word_1_91' title='bbox 1048 1311 1223 1382; x_wconf 88' lang='lat' dir='ltr'><strong>Hieronym.)</strong></span> 
     </span>
     <span class='ocr_line' id='line_1_11' title="bbox 225 1395 1225 1468; baseline 0.001 -18"><span class='ocrx_word' id='word_1_92' title='bbox 225 1395 336 1450; x_wconf 87' lang='lat' dir='ltr'><strong>citauit:</strong></span> <span class='ocrx_word' id='word_1_93' title='bbox 356 1407 451 1451; x_wconf 91' lang='lat' dir='ltr'><strong>contra</strong></span> <span class='ocrx_word' id='word_1_94' title='bbox 464 1398 626 1452; x_wconf 78' lang='lat' dir='ltr'><em>distractior</em></span> <span class='ocrx_word' id='word_1_95' title='bbox 642 1398 717 1468; x_wconf 91' lang='lat' dir='ltr'><strong>apud</strong></span> <span class='ocrx_word' id='word_1_96' title='bbox 737 1397 896 1453; x_wconf 90' lang='lat' dir='ltr'><strong>Lucretium</strong></span> <span class='ocrx_word' id='word_1_97' title='bbox 910 1408 1027 1466; x_wconf 89' lang='lat' dir='ltr'><strong>tantum,</strong></span> <span class='ocrx_word' id='word_1_98' title='bbox 1042 1399 1126 1468; x_wconf 88' lang='lat' dir='ltr'><strong>idque</strong></span> <span class='ocrx_word' id='word_1_99' title='bbox 1139 1400 1225 1452; x_wconf 89' lang='lat' dir='ltr'><strong>semel</strong></span> 
     </span>
     <span class='ocr_line' id='line_1_12' title="bbox 227 1483 1225 1555; baseline 0.002 -19"><span class='ocrx_word' id='word_1_100' title='bbox 227 1483 273 1552; x_wconf 74' lang='lat' dir='ltr'><strong>(iv.</strong></span> <span class='ocrx_word' id='word_1_101' title='bbox 293 1485 366 1553; x_wconf 73' lang='lat'><strong>958),</strong></span> <span class='ocrx_word' id='word_1_102' title='bbox 384 1485 616 1539; x_wconf 72' lang='lat' dir='ltr'><strong>distractusimus</strong></span> <span class='ocrx_word' id='word_1_103' title='bbox 633 1485 743 1539; x_wconf 89' lang='lat' dir='ltr'><strong>nonnisi</strong></span> <span class='ocrx_word' id='word_1_104' title='bbox 762 1503 795 1540; x_wconf 90' lang='lat' dir='ltr'><strong>ex</strong></span> <span class='ocrx_word' id='word_1_105' title='bbox 814 1486 874 1555; x_wconf 92' lang='lat' dir='ltr'><strong>ipso</strong></span> <span class='ocrx_word' id='word_1_106' title='bbox 894 1485 1039 1540; x_wconf 88' lang='lat' dir='ltr'><strong>Velleiano</strong></span> <span class='ocrx_word' id='word_1_107' title='bbox 1057 1487 1118 1539; x_wconf 94' lang='lat' dir='ltr'><strong>loco</strong></span> <span class='ocrx_word' id='word_1_108' title='bbox 1143 1501 1225 1554; x_wconf 90' lang='lat' dir='ltr'><strong>quem</strong></span> 
     </span>
     <span class='ocr_line' id='line_1_13' title="bbox 225 1571 372 1640; baseline 0.014 -16"><span class='ocrx_word' id='word_1_109' title='bbox 225 1571 372 1640; x_wconf 87' lang='lat' dir='ltr'><strong>tangimus.</strong></span> 
     </span>
    </p>

    <p class='ocr_par' dir='ltr' id='par_1_6' title="bbox 226 1658 1227 2164">
     <span class='ocr_line' id='line_1_14' title="bbox 263 1658 1226 1729; baseline 0.001 -18"><span class='ocrx_word' id='word_1_110' title='bbox 263 1660 369 1728; x_wconf 89' lang='lat' dir='ltr'><strong>ltaque,</strong></span> <span class='ocrx_word' id='word_1_111' title='bbox 383 1658 437 1712; x_wconf 91' lang='lat' dir='ltr'><strong>nisi</strong></span> <span class='ocrx_word' id='word_1_112' title='bbox 450 1659 549 1713; x_wconf 90' lang='lat' dir='ltr'><strong>melior</strong></span> <span class='ocrx_word' id='word_1_113' title='bbox 564 1659 650 1714; x_wconf 86' lang='lat' dir='ltr'>codex</span> <span class='ocrx_word' id='word_1_114' title='bbox 663 1659 804 1729; x_wconf 87' lang='lat' dir='ltr'><strong>prodierit,</strong></span> <span class='ocrx_word' id='word_1_115' title='bbox 816 1660 1048 1714; x_wconf 70' lang='lat' dir='ltr'><strong>distractzssimus</strong></span> <span class='ocrx_word' id='word_1_116' title='bbox 1064 1677 1101 1713; x_wconf 91' lang='lat' dir='ltr'><strong>an</strong></span> <span class='ocrx_word' id='word_1_117' title='bbox 1114 1660 1226 1713; x_wconf 73' lang='lat' dir='ltr'><strong>distric—</strong></span> 
     </span>
     <span class='ocr_line' id='line_1_15' title="bbox 226 1747 1225 1816; baseline 0.002 -18"><span class='ocrx_word' id='word_1_118' title='bbox 226 1749 352 1800; x_wconf 83' lang='lat' dir='ltr'><strong>tissimus</strong></span> <span class='ocrx_word' id='word_1_119' title='bbox 365 1748 524 1801; x_wconf 87' lang='lat' dir='ltr'><strong>Paterculus</strong></span> <span class='ocrx_word' id='word_1_120' title='bbox 538 1748 666 1802; x_wconf 90' lang='lat' dir='ltr'><strong>maluerit</strong></span> <span class='ocrx_word' id='word_1_121' title='bbox 684 1748 712 1801; x_wconf 91' lang='lat' dir='ltr'><strong>in</strong></span> <span class='ocrx_word' id='word_1_122' title='bbox 730 1747 835 1802; x_wconf 88' lang='lat' dir='ltr'><strong>incerto</strong></span> <span class='ocrx_word' id='word_1_123' title='bbox 854 1747 923 1803; x_wconf 88' lang='lat' dir='ltr'><strong>erit:</strong></span> <span class='ocrx_word' id='word_1_124' title='bbox 943 1749 1048 1802; x_wconf 89' lang='lat' dir='ltr'><strong>habent</strong></span> <span class='ocrx_word' id='word_1_125' title='bbox 1061 1758 1155 1802; x_wconf 91' lang='lat' dir='ltr'><strong>tamen</strong></span> <span class='ocrx_word' id='word_1_126' title='bbox 1169 1765 1225 1816; x_wconf 92' lang='lat' dir='ltr'><strong>quo</strong></span> 
     </span>
     <span class='ocr_line' id='line_1_16' title="bbox 227 1833 1226 1906; baseline 0 -18"><span class='ocrx_word' id='word_1_127' title='bbox 227 1833 355 1888; x_wconf 82' lang='lat' dir='ltr'><strong>differant</strong></span> <span class='ocrx_word' id='word_1_128' title='bbox 367 1853 374 1902; x_wconf 92' lang='lat'>;</span> <span class='ocrx_word' id='word_1_129' title='bbox 387 1835 614 1888; x_wconf 70' lang='lat' dir='ltr'><strong>districtissimus</strong></span> <span class='ocrx_word' id='word_1_130' title='bbox 623 1835 698 1889; x_wconf 88' lang='lat' dir='ltr'><strong>enirn</strong></span> <span class='ocrx_word' id='word_1_131' title='bbox 708 1836 780 1889; x_wconf 85' lang='lat' dir='ltr'><strong>adeo</strong></span> <span class='ocrx_word' id='word_1_132' title='bbox 788 1835 857 1889; x_wconf 91' lang='lat' dir='ltr'><strong>nihil</strong></span> <span class='ocrx_word' id='word_1_133' title='bbox 867 1835 1020 1906; x_wconf 88' lang='lat' dir='ltr'><strong>principale</strong></span> <span class='ocrx_word' id='word_1_134' title='bbox 1030 1835 1057 1889; x_wconf 92' lang='lat' dir='ltr'><strong>in</strong></span> <span class='ocrx_word' id='word_1_135' title='bbox 1069 1835 1226 1904; x_wconf 90' lang='lat' dir='ltr'><strong>significatu</strong></span> 
     </span>
     <span class='ocr_line' id='line_1_17' title="bbox 227 1921 1227 1992; baseline -0.001 -18"><span class='ocrx_word' id='word_1_136' title='bbox 227 1921 327 1975; x_wconf 90' lang='lat' dir='ltr'><strong>retinet</strong></span> <span class='ocrx_word' id='word_1_137' title='bbox 346 1930 376 1974; x_wconf 90' lang='lat' dir='ltr'><strong>ut</strong></span> <span class='ocrx_word' id='word_1_138' title='bbox 396 1921 454 1976; x_wconf 83' lang='lat' dir='ltr'><strong>lere</strong></span> <span class='ocrx_word' id='word_1_139' title='bbox 477 1921 551 1975; x_wconf 90' lang='lat' dir='ltr'><strong>idem</strong></span> <span class='ocrx_word' id='word_1_140' title='bbox 571 1921 605 1977; x_wconf 91' lang='lat' dir='ltr'><strong>sit</strong></span> <span class='ocrx_word' id='word_1_141' title='bbox 625 1921 698 1992; x_wconf 93' lang='lat' dir='ltr'><strong>quod</strong></span> <span class='ocrx_word' id='word_1_142' title='bbox 718 1921 947 1991; x_wconf 85' lang='lat' dir='ltr'><strong>occupatissimus</strong></span> <span class='ocrx_word' id='word_1_143' title='bbox 958 1939 966 1990; x_wconf 92' lang='lat'>;</span> <span class='ocrx_word' id='word_1_144' title='bbox 995 1923 1227 1978; x_wconf 70' lang='lat' dir='ltr'><strong>distractissimus</strong></span> 
     </span>
     <span class='ocr_line' id='line_1_18' title="bbox 227 2007 1227 2077; baseline 0 -17"><span class='ocrx_word' id='word_1_145' title='bbox 227 2008 422 2077; x_wconf 84' lang='lat' dir='ltr'><strong>metaphoram</strong></span> <span class='ocrx_word' id='word_1_146' title='bbox 434 2025 491 2061; x_wconf 92' lang='lat' dir='ltr'><strong>non</strong></span> <span class='ocrx_word' id='word_1_147' title='bbox 509 2007 592 2073; x_wconf 88' lang='lat' dir='ltr'><strong>exuit,</strong></span> <span class='ocrx_word' id='word_1_148' title='bbox 606 2017 633 2062; x_wconf 89' lang='lat' dir='ltr'><strong>et</strong></span> <span class='ocrx_word' id='word_1_149' title='bbox 646 2007 734 2061; x_wconf 92' lang='lat' dir='ltr'><strong>multo</strong></span> <span class='ocrx_word' id='word_1_150' title='bbox 747 2007 850 2063; x_wconf 89' lang='lat' dir='ltr'><strong>maiore</strong></span> <span class='ocrx_word' id='word_1_151' title='bbox 867 2025 930 2062; x_wconf 92' lang='lat' dir='ltr'><strong>cum</strong></span> <span class='ocrx_word' id='word_1_152' title='bbox 943 2007 971 2061; x_wconf 93' lang='lat' dir='ltr'><strong>ui</strong></span> <span class='ocrx_word' id='word_1_153' title='bbox 984 2008 1019 2063; x_wconf 90' lang='lat' dir='ltr'><strong>de</strong></span> <span class='ocrx_word' id='word_1_154' title='bbox 1032 2025 1065 2060; x_wconf 88' lang='lat' dir='ltr'><strong>eo</strong></span> <span class='ocrx_word' id='word_1_155' title='bbox 1079 2016 1227 2077; x_wconf 89' lang='lat' dir='ltr'><strong>usurpatur</strong></span> 
     </span>
     <span class='ocr_line' id='line_1_19' title="bbox 228 2093 1126 2164; baseline 0.002 -17"><span class='ocrx_word' id='word_1_156' title='bbox 228 2093 274 2164; x_wconf 90' lang='lat' dir='ltr'><strong>qui</strong></span> <span class='ocrx_word' id='word_1_157' title='bbox 292 2094 412 2163; x_wconf 88' lang='lat' dir='ltr'><strong>negotiis</strong></span> <span class='ocrx_word' id='word_1_158' title='bbox 426 2093 517 2148; x_wconf 89' lang='lat' dir='ltr'><strong>omnis</strong></span> <span class='ocrx_word' id='word_1_159' title='bbox 534 2094 645 2162; x_wconf 86' lang='lat' dir='ltr'><strong>generis</strong></span> <span class='ocrx_word' id='word_1_160' title='bbox 665 2093 812 2148; x_wconf 82' lang='lat' dir='ltr'><strong>distinetur</strong></span> <span class='ocrx_word' id='word_1_161' title='bbox 823 2105 851 2149; x_wconf 92' lang='lat' dir='ltr'><strong>et</strong></span> <span class='ocrx_word' id='word_1_162' title='bbox 864 2093 943 2164; x_wconf 88' lang='lat' dir='ltr'><strong>quasi</strong></span> <span class='ocrx_word' id='word_1_163' title='bbox 957 2093 1126 2149; x_wconf 84' lang='lat' dir='ltr'><strong>distrahitur.</strong></span> 
     </span>
    </p>

    <p class='ocr_par' dir='ltr' id='par_1_7' title="bbox 227 2179 1226 2412">
     <span class='ocr_line' id='line_1_20' title="bbox 264 2179 1226 2250; baseline -0.001 -16"><span class='ocrx_word' id='word_1_164' title='bbox 264 2196 339 2250; x_wconf 89' lang='lat'>1143</span> <span class='ocrx_word' id='word_1_165' title='bbox 359 2198 415 2234; x_wconf 90' lang='lat' dir='ltr'><strong>non</strong></span> <span class='ocrx_word' id='word_1_166' title='bbox 445 2180 622 2250; x_wconf 90' lang='lat' dir='ltr'><strong>sequentibus</strong></span> <span class='ocrx_word' id='word_1_167' title='bbox 650 2179 828 2250; x_wconf 89' lang='lat' dir='ltr'><strong>disciplinam</strong></span> <span class='ocrx_word' id='word_1_168' title='bbox 853 2191 990 2250; x_wconf 89' lang='lat' dir='ltr'><strong>quatenus</strong></span> <span class='ocrx_word' id='word_1_169' title='bbox 1016 2183 1142 2250; x_wconf 88' lang='lat' dir='ltr'><strong>exemplo</strong></span> <span class='ocrx_word' id='word_1_170' title='bbox 1170 2199 1226 2234; x_wconf 93' lang='lat' dir='ltr'><strong>non</strong></span> 
     </span>
     <span class='ocr_line' id='line_1_21' title="bbox 227 2268 1226 2338; baseline 0 -16"><span class='ocrx_word' id='word_1_171' title='bbox 227 2270 381 2323; x_wconf 87' lang='lat' dir='ltr'><strong>nocebatur</strong></span> <span class='ocrx_word' id='word_1_172' title='bbox 396 2269 501 2338; x_wconf 88' lang='lat' dir='ltr'><strong>ignouit</strong></span> <span class='ocrx_word' id='word_1_173' title='bbox 520 2268 674 2323; x_wconf 92' lang='lat' dir='ltr'><strong>admonitio</strong></span> <span class='ocrx_word' id='word_1_174' title='bbox 693 2268 824 2338; x_wconf 86' lang='lat' dir='ltr'><strong>frequens</strong></span> <span class='ocrx_word' id='word_1_175' title='bbox 844 2269 933 2324; x_wconf 90' lang='lat' dir='ltr'><strong>inerat</strong></span> <span class='ocrx_word' id='word_1_176' title='bbox 952 2279 979 2324; x_wconf 89' lang='lat' dir='ltr'><strong>et</strong></span> <span class='ocrx_word' id='word_1_177' title='bbox 1000 2269 1146 2338; x_wconf 85' lang='lat' dir='ltr'><strong>castigatio</strong></span> <span class='ocrx_word' id='word_1_178' title='bbox 1166 2269 1226 2323; x_wconf 90' lang='lat' dir='ltr'><strong>uin-</strong></span> 
     </span>
     <span class='ocr_line' id='line_1_22' title="bbox 228 2357 549 2412; baseline 0.003 -1"><span class='ocrx_word' id='word_1_179' title='bbox 228 2357 304 2412; x_wconf 87' lang='lat' dir='ltr'><strong>dicta</strong></span> <span class='ocrx_word' id='word_1_180' title='bbox 316 2357 499 2412; x_wconf 90' lang='lat' dir='ltr'><strong>amarissima.</strong></span> <span class='ocrx_word' id='word_1_181' title='bbox 511 2359 549 2412; x_wconf 83' lang='lat' dir='ltr'><strong>A.</strong></span> 
     </span>
    </p>

    <p class='ocr_par' dir='ltr' id='par_1_8' title="bbox 229 2443 1229 3472">
     <span class='ocr_line' id='line_1_23' title="bbox 265 2443 1226 2515; baseline -0.003 -15"><span class='ocrx_word' id='word_1_182' title='bbox 265 2446 320 2500; x_wconf 94' lang='lat' dir='ltr'><strong>His</strong></span> <span class='ocrx_word' id='word_1_183' title='bbox 348 2445 468 2501; x_wconf 90' lang='lat' dir='ltr'><strong>Kritzius</strong></span> <span class='ocrx_word' id='word_1_184' title='bbox 487 2445 526 2500; x_wconf 92' lang='lat' dir='ltr'><strong>sic</strong></span> <span class='ocrx_word' id='word_1_185' title='bbox 545 2445 688 2515; x_wconf 88' lang='lat' dir='ltr'><strong>suppetias</strong></span> <span class='ocrx_word' id='word_1_186' title='bbox 710 2443 760 2499; x_wconf 88' lang='lat' dir='ltr'><strong>iuit</strong></span> <span class='ocrx_word' id='word_1_187' title='bbox 785 2454 815 2498; x_wconf 91' lang='lat' dir='ltr'><strong>ut</strong></span> <span class='ocrx_word' id='word_1_188' title='bbox 833 2444 956 2499; x_wconf 90' lang='lat' dir='ltr'><strong>a&#39;dmisso</strong></span> <span class='ocrx_word' id='word_1_189' title='bbox 974 2445 1050 2515; x_wconf 92' lang='lat' dir='ltr'><strong>quod</strong></span> <span class='ocrx_word' id='word_1_190' title='bbox 1070 2462 1226 2514; x_wconf 83' lang='lat' dir='ltr'><strong>anonymus</strong></span> 
     </span>
     <span class='ocr_line' id='line_1_24' title="bbox 229 2531 1226 2603; baseline -0.004 -16"><span class='ocrx_word' id='word_1_191' title='bbox 229 2534 343 2603; x_wconf 91' lang='lat' dir='ltr'><strong>quidam</strong></span> <span class='ocrx_word' id='word_1_192' title='bbox 366 2533 523 2586; x_wconf 91' lang='lat' dir='ltr'><strong>coniecerat</strong></span> <span class='ocrx_word' id='word_1_193' title='bbox 545 2549 620 2586; x_wconf 87' lang='lat' dir='ltr'><strong>anno</strong></span> <span class='ocrx_word' id='word_1_194' title='bbox 645 2545 713 2599; x_wconf 88' lang='lat'>1779</span> <span class='ocrx_word' id='word_1_195' title='bbox 738 2531 881 2584; x_wconf 78' lang='lat' dir='ltr'><strong>r&#39;rzterdum</strong></span> <span class='ocrx_word' id='word_1_196' title='bbox 900 2549 951 2601; x_wconf 92' lang='lat' dir='ltr'><strong>pro</strong></span> <span class='ocrx_word' id='word_1_197' title='bbox 973 2534 1074 2598; x_wconf 82' lang='lat' dir='ltr'><strong>inerat,</strong></span> <span class='ocrx_word' id='word_1_198' title='bbox 1099 2541 1127 2585; x_wconf 91' lang='lat' dir='ltr'><strong>et</strong></span> <span class='ocrx_word' id='word_1_199' title='bbox 1150 2531 1226 2599; x_wconf 92' lang='lat' dir='ltr'><strong>quod</strong></span> 
     </span>
     <span class='ocr_line' id='line_1_25' title="bbox 230 2618 1228 2689; baseline -0.004 -15"><span class='ocrx_word' id='word_1_200' title='bbox 230 2622 391 2687; x_wconf 91' lang='lat' dir='ltr'><strong>Rhenanus,</strong></span> <span class='ocrx_word' id='word_1_201' title='bbox 413 2622 564 2673; x_wconf 85' lang='lat' dir='ltr'><strong>rarissima</strong></span> <span class='ocrx_word' id='word_1_202' title='bbox 588 2636 639 2689; x_wconf 92' lang='lat' dir='ltr'><strong>pro</strong></span> <span class='ocrx_word' id='word_1_203' title='bbox 663 2621 854 2684; x_wconf 81' lang='lat' dir='ltr'><strong>amarissima,</strong></span> <span class='ocrx_word' id='word_1_204' title='bbox 875 2618 1050 2671; x_wconf 90' lang='lat' dir='ltr'><strong>Paterculum</strong></span> <span class='ocrx_word' id='word_1_205' title='bbox 1075 2619 1129 2671; x_wconf 92' lang='lat' dir='ltr'><strong>hoc</strong></span> <span class='ocrx_word' id='word_1_206' title='bbox 1150 2627 1228 2687; x_wconf 91' lang='lat' dir='ltr'><strong>putet</strong></span> 
     </span>
     <span class='ocr_line' id='line_1_26' title="bbox 230 2704 1228 2774; baseline -0.004 -13"><span class='ocrx_word' id='word_1_207' title='bbox 230 2707 359 2772; x_wconf 89' lang='lat' dir='ltr'><strong>uoluisse,</strong></span> <span class='ocrx_word' id='word_1_208' title='bbox 379 2706 524 2761; x_wconf 89' lang='lat' dir='ltr'><strong>Tiberium</strong></span> <span class='ocrx_word' id='word_1_209' title='bbox 541 2706 579 2759; x_wconf 87' lang='lat' dir='ltr'><strong>ad</strong></span> <span class='ocrx_word' id='word_1_210' title='bbox 598 2706 732 2759; x_wconf 85' lang='lat' dir='ltr'><strong>tuendam</strong></span> <span class='ocrx_word' id='word_1_211' title='bbox 751 2705 926 2774; x_wconf 88' lang='lat' dir='ltr'><strong>disciplinam</strong></span> <span class='ocrx_word' id='word_1_212' title='bbox 945 2704 1107 2774; x_wconf 88' lang='lat' dir='ltr'><strong>saepissime</strong></span> <span class='ocrx_word' id='word_1_213' title='bbox 1129 2705 1228 2770; x_wconf 81' lang='lat' dir='ltr'><strong>uerbis,</strong></span> 
     </span>
     <span class='ocr_line' id='line_1_27' title="bbox 230 2791 1228 2862; baseline -0.002 -15"><span class='ocrx_word' id='word_1_214' title='bbox 230 2793 370 2847; x_wconf 90' lang='lat' dir='ltr'><strong>rarissime</strong></span> <span class='ocrx_word' id='word_1_215' title='bbox 386 2797 480 2862; x_wconf 76' lang='lat' dir='ltr'><strong>poena</strong></span> <span class='ocrx_word' id='word_1_216' title='bbox 501 2809 583 2846; x_wconf 90' lang='lat' dir='ltr'><strong>usum</strong></span> <span class='ocrx_word' id='word_1_217' title='bbox 601 2808 670 2846; x_wconf 90' lang='lat' dir='ltr'><strong>esse.</strong></span> <span class='ocrx_word' id='word_1_218' title='bbox 713 2793 814 2860; x_wconf 88' lang='lat' dir='ltr'><strong>Neque</strong></span> <span class='ocrx_word' id='word_1_219' title='bbox 839 2791 942 2845; x_wconf 90' lang='lat' dir='ltr'><strong>infitior</strong></span> <span class='ocrx_word' id='word_1_220' title='bbox 959 2793 1100 2844; x_wconf 81' lang='lat' dir='ltr'><strong>interdum</strong></span> <span class='ocrx_word' id='word_1_221' title='bbox 1124 2791 1228 2861; x_wconf 91' lang='lat' dir='ltr'><strong>optime</strong></span> 
     </span>
     <span class='ocr_line' id='line_1_28' title="bbox 231 2877 1228 2948; baseline -0.001 -15"><span class='ocrx_word' id='word_1_222' title='bbox 231 2879 380 2934; x_wconf 89' lang='lat' dir='ltr'><strong>conuenire</strong></span> <span class='ocrx_word' id='word_1_223' title='bbox 392 2879 432 2932; x_wconf 91' lang='lat' dir='ltr'><strong>eis</strong></span> <span class='ocrx_word' id='word_1_224' title='bbox 445 2895 517 2948; x_wconf 90' lang='lat' dir='ltr'><strong>quae</strong></span> <span class='ocrx_word' id='word_1_225' title='bbox 529 2877 651 2932; x_wconf 89' lang='lat' dir='ltr'><strong>Velleius</strong></span> <span class='ocrx_word' id='word_1_226' title='bbox 666 2877 706 2932; x_wconf 91' lang='lat' dir='ltr'><strong>sic</strong></span> <span class='ocrx_word' id='word_1_227' title='bbox 723 2877 878 2947; x_wconf 88' lang='lat' dir='ltr'><strong>significare</strong></span> <span class='ocrx_word' id='word_1_228' title='bbox 894 2878 1037 2945; x_wconf 87' lang='lat' dir='ltr'><strong>credatur;</strong></span> <span class='ocrx_word' id='word_1_229' title='bbox 1056 2879 1106 2932; x_wconf 90' lang='lat' dir='ltr'><strong>sed</strong></span> <span class='ocrx_word' id='word_1_230' title='bbox 1118 2879 1228 2948; x_wconf 85' lang='lat' dir='ltr'><strong>longius</strong></span> 
     </span>
     <span class='ocr_line' id='line_1_29' title="bbox 231 2964 1228 3035; baseline -0.002 -15"><span class='ocrx_word' id='word_1_231' title='bbox 231 2968 333 3020; x_wconf 89' lang='lat' dir='ltr'><strong>absunt</strong></span> <span class='ocrx_word' id='word_1_232' title='bbox 345 2965 461 3020; x_wconf 90' lang='lat' dir='ltr'><strong>litterae.</strong></span> <span class='ocrx_word' id='word_1_233' title='bbox 497 2964 572 3033; x_wconf 85' lang='lat' dir='ltr'><strong>Quid</strong></span> <span class='ocrx_word' id='word_1_234' title='bbox 591 2964 666 3035; x_wconf 91' lang='lat' dir='ltr'><strong>quod</strong></span> <span class='ocrx_word' id='word_1_235' title='bbox 685 2964 829 3034; x_wconf 88' lang='lat' dir='ltr'><strong>oppositae</strong></span> <span class='ocrx_word' id='word_1_236' title='bbox 843 2964 981 3019; x_wconf 87' lang='lat' dir='ltr'><strong>clausulae</strong></span> <span class='ocrx_word' id='word_1_237' title='bbox 991 2964 1044 3019; x_wconf 90' lang='lat' dir='ltr'><strong>tria</strong></span> <span class='ocrx_word' id='word_1_238' title='bbox 1057 2964 1228 3020; x_wconf 87' lang='lat' dir='ltr'><strong>adiectiua</strong></span> 
     </span>
     <span class='ocr_line' id='line_1_30' title="bbox 232 3050 1227 3121; baseline -0.001 -14"><span class='ocrx_word' id='word_1_239' title='bbox 232 3053 362 3107; x_wconf 86' lang='lat' dir='ltr'><strong>uidentur</strong></span> <span class='ocrx_word' id='word_1_240' title='bbox 373 3052 533 3121; x_wconf 83' lang='lat' dir='ltr'><strong>postulare?</strong></span> <span class='ocrx_word' id='word_1_241' title='bbox 552 3052 628 3121; x_wconf 93' lang='lat' dir='ltr'><strong>quod</strong></span> <span class='ocrx_word' id='word_1_242' title='bbox 642 3050 752 3105; x_wconf 89' lang='lat' dir='ltr'><strong>sirecte</strong></span> <span class='ocrx_word' id='word_1_243' title='bbox 772 3050 879 3119; x_wconf 89' lang='lat' dir='ltr'><strong>colligo,</strong></span> <span class='ocrx_word' id='word_1_244' title='bbox 893 3053 987 3106; x_wconf 84' lang='lat' dir='ltr'><strong>inerat</strong></span> <span class='ocrx_word' id='word_1_245' title='bbox 1004 3069 1038 3106; x_wconf 90' lang='lat' dir='ltr'><strong>ex</strong></span> <span class='ocrx_word' id='word_1_246' title='bbox 1050 3054 1156 3105; x_wconf 83' lang='lat' dir='ltr'><strong>incerta</strong></span> <span class='ocrx_word' id='word_1_247' title='bbox 1169 3069 1227 3106; x_wconf 92' lang='lat' dir='ltr'><strong>cor-</strong></span> 
     </span>
     <span class='ocr_line' id='line_1_31' title="bbox 231 3137 1228 3208; baseline 0.002 -16"><span class='ocrx_word' id='word_1_248' title='bbox 231 3139 323 3208; x_wconf 88' lang='lat' dir='ltr'><strong>rumpi</strong></span> <span class='ocrx_word' id='word_1_249' title='bbox 341 3139 438 3208; x_wconf 90' lang='lat' dir='ltr'><strong>potuit.</strong></span> <span class='ocrx_word' id='word_1_250' title='bbox 475 3139 517 3192; x_wconf 83' lang='lat' dir='ltr'><strong>Er</strong></span> <span class='ocrx_word' id='word_1_251' title='bbox 536 3137 575 3192; x_wconf 91' lang='lat' dir='ltr'><strong>sic</strong></span> <span class='ocrx_word' id='word_1_252' title='bbox 594 3137 757 3206; x_wconf 87' lang='lat' dir='ltr'><strong>intelleges:</strong></span> <span class='ocrx_word' id='word_1_253' title='bbox 783 3155 839 3192; x_wconf 92' lang='lat' dir='ltr'><strong>non</strong></span> <span class='ocrx_word' id='word_1_254' title='bbox 858 3140 948 3193; x_wconf 90' lang='lat' dir='ltr'><strong>solum</strong></span> <span class='ocrx_word' id='word_1_255' title='bbox 967 3139 1108 3208; x_wconf 90' lang='lat' dir='ltr'><strong>suppliciis</strong></span> <span class='ocrx_word' id='word_1_256' title='bbox 1127 3140 1228 3194; x_wconf 90' lang='lat' dir='ltr'><strong>milites</strong></span> 
     </span>
     <span class='ocr_line' id='line_1_32' title="bbox 231 3226 1229 3296; baseline 0.001 -15"><span class='ocrx_word' id='word_1_257' title='bbox 231 3228 370 3282; x_wconf 89' lang='lat' dir='ltr'><strong>afficiebat</strong></span> <span class='ocrx_word' id='word_1_258' title='bbox 379 3227 490 3292; x_wconf 87' lang='lat' dir='ltr'><strong>inuitus,</strong></span> <span class='ocrx_word' id='word_1_259' title='bbox 500 3228 550 3281; x_wconf 91' lang='lat' dir='ltr'><strong>sed</strong></span> <span class='ocrx_word' id='word_1_260' title='bbox 562 3244 598 3280; x_wconf 92' lang='lat' dir='ltr'><strong>ne</strong></span> <span class='ocrx_word' id='word_1_261' title='bbox 611 3226 703 3282; x_wconf 88' lang='lat' dir='ltr'><strong>uerbis</strong></span> <span class='ocrx_word' id='word_1_262' title='bbox 718 3227 830 3296; x_wconf 89' lang='lat' dir='ltr'><strong>quidem</strong></span> <span class='ocrx_word' id='word_1_263' title='bbox 839 3227 962 3281; x_wconf 89' lang='lat' dir='ltr'><strong>seuerius</strong></span> <span class='ocrx_word' id='word_1_264' title='bbox 970 3227 1138 3296; x_wconf 89' lang='lat' dir='ltr'><strong>increpabat.</strong></span> <span class='ocrx_word' id='word_1_265' title='bbox 1166 3229 1229 3282; x_wconf 84' lang='lat' dir='ltr'><strong>‘He</strong></span> 
     </span>
     <span class='ocr_line' id='line_1_33' title="bbox 232 3312 1228 3382; baseline 0 -14"><span class='ocrx_word' id='word_1_266' title='bbox 232 3315 344 3369; x_wconf 90' lang='lat' dir='ltr'><strong>wamed</strong></span> <span class='ocrx_word' id='word_1_267' title='bbox 361 3313 405 3368; x_wconf 89' lang='lat' dir='ltr'><strong>his</strong></span> <span class='ocrx_word' id='word_1_268' title='bbox 424 3313 539 3368; x_wconf 91' lang='lat' dir='ltr'><strong>soldiers</strong></span> <span class='ocrx_word' id='word_1_269' title='bbox 556 3313 639 3381; x_wconf 85' lang='lat' dir='ltr'><strong>often,</strong></span> <span class='ocrx_word' id='word_1_270' title='bbox 659 3313 797 3382; x_wconf 91' lang='lat' dir='ltr'><strong>punished</strong></span> <span class='ocrx_word' id='word_1_271' title='bbox 814 3330 880 3381; x_wconf 88' lang='lat' dir='ltr'><strong>very</strong></span> <span class='ocrx_word' id='word_1_272' title='bbox 899 3313 1005 3367; x_wconf 91' lang='lat' dir='ltr'><strong>seldom</strong></span> <span class='ocrx_word' id='word_1_273' title='bbox 1024 3312 1133 3379; x_wconf 90' lang='lat' dir='ltr'><strong>indeed,</strong></span> <span class='ocrx_word' id='word_1_274' title='bbox 1157 3331 1228 3368; x_wconf 91' lang='lat' dir='ltr'><strong>even</strong></span> 
     </span>
     <span class='ocr_line' id='line_1_34' title="bbox 231 3401 688 3472; baseline -0.007 -15"><span class='ocrx_word' id='word_1_275' title='bbox 231 3403 365 3472; x_wconf 89' lang='lat' dir='ltr'><strong>reproved</strong></span> <span class='ocrx_word' id='word_1_276' title='bbox 383 3403 448 3470; x_wconf 91' lang='lat' dir='ltr'><strong>only</strong></span> <span class='ocrx_word' id='word_1_277' title='bbox 460 3419 523 3455; x_wconf 88' lang='lat' dir='ltr'><strong>now</strong></span> <span class='ocrx_word' id='word_1_278' title='bbox 536 3403 589 3456; x_wconf 89' lang='lat' dir='ltr'><strong>and</strong></span> <span class='ocrx_word' id='word_1_279' title='bbox 604 3401 688 3455; x_wconf 90' lang='lat' dir='ltr'><strong>then.’</strong></span> 
     </span>
    </p>

    <p class='ocr_par' dir='ltr' id='par_1_9' title="bbox 231 3487 1229 3634">
     <span class='ocr_line' id='line_1_35' title="bbox 268 3487 1229 3560; baseline -0.003 -15"><span class='ocrx_word' id='word_1_280' title='bbox 268 3506 345 3560; x_wconf 88' lang='lat'>1143</span> <span class='ocrx_word' id='word_1_281' title='bbox 364 3491 520 3560; x_wconf 88' lang='lat' dir='ltr'><strong>agebatque</strong></span> <span class='ocrx_word' id='word_1_282' title='bbox 537 3489 662 3543; x_wconf 91' lang='lat' dir='ltr'><strong>medium</strong></span> <span class='ocrx_word' id='word_1_283' title='bbox 683 3487 802 3558; x_wconf 91' lang='lat' dir='ltr'><strong>plurima</strong></span> <span class='ocrx_word' id='word_1_284' title='bbox 824 3487 1022 3543; x_wconf 89' lang='lat' dir='ltr'><strong>dissimulantis</strong></span> <span class='ocrx_word' id='word_1_285' title='bbox 1045 3489 1137 3558; x_wconf 71' lang='lat' dir='ltr'><strong>aliqua</strong></span> <span class='ocrx_word' id='word_1_286' title='bbox 1159 3489 1229 3544; x_wconf 90' lang='lat' dir='ltr'><strong>inhi-</strong></span> 
     </span>
     <span class='ocr_line' id='line_1_36' title="bbox 231 3577 375 3634; baseline -0.007 -1"><span class='ocrx_word' id='word_1_287' title='bbox 231 3577 375 3634; x_wconf 83' lang='lat' dir='ltr'><strong>bentisA.</strong></span> 
     </span>
    </p>

    <p class='ocr_par' dir='ltr' id='par_1_10' title="bbox 268 3666 406 3735">
     <span class='ocr_line' id='line_1_37' title="bbox 268 3666 406 3735; baseline -0.007 -15"><span class='ocrx_word' id='word_1_288' title='bbox 268 3666 361 3735; x_wconf 89' lang='lat' dir='ltr'><strong>aliqua</strong></span> <span class='ocrx_word' id='word_1_289' title='bbox 371 3667 406 3719; x_wconf 91' lang='lat' dir='ltr'><strong>P.</strong></span> 
     </span>
    </p>

    <p class='ocr_par' dir='ltr' id='par_1_11' title="bbox 233 3748 1229 3913">
     <span class='ocr_line' id='line_1_38' title="bbox 268 3748 1229 3822; baseline -0.003 -15"><span class='ocrx_word' id='word_1_290' title='bbox 268 3754 394 3822; x_wconf 81' lang='lat' dir='ltr'><strong>ulr&#39;quam</strong></span> <span class='ocrx_word' id='word_1_291' title='bbox 408 3751 483 3821; x_wconf 82' lang='lat' dir='ltr'><strong>quod</strong></span> <span class='ocrx_word' id='word_1_292' title='bbox 502 3750 586 3805; x_wconf 88' lang='lat' dir='ltr'><strong>estin</strong></span> <span class='ocrx_word' id='word_1_293' title='bbox 599 3750 626 3803; x_wconf 86' lang='grc' dir='ltr'><em>Α</em></span> <span class='ocrx_word' id='word_1_294' title='bbox 640 3759 730 3803; x_wconf 91' lang='lat' dir='ltr'><strong>ortum</strong></span> <span class='ocrx_word' id='word_1_295' title='bbox 750 3749 833 3805; x_wconf 90' lang='lat' dir='ltr'><strong>credo</strong></span> <span class='ocrx_word' id='word_1_296' title='bbox 850 3767 883 3803; x_wconf 90' lang='lat' dir='ltr'><strong>ex</strong></span> <span class='ocrx_word' id='word_1_297' title='bbox 901 3748 1088 3820; x_wconf 85' lang='lat' dir='ltr'><strong>dittographia</strong></span> <span class='ocrx_word' id='word_1_298' title='bbox 1107 3751 1229 3819; x_wconf 90' lang='lat' dir='ltr'><strong>quadam</strong></span> 
     </span>
     <span class='ocr_line' id='line_1_39' title="bbox 233 3838 1229 3913; baseline -0.005 -17"><span class='ocrx_word' id='word_1_299' title='bbox 233 3860 289 3913; x_wconf 90' lang='lat' dir='ltr'><strong>qua</strong></span> <span class='ocrx_word' id='word_1_300' title='bbox 307 3845 337 3896; x_wconf 80' lang='lat' dir='ltr'><strong>in</strong></span> <span class='ocrx_word' id='word_1_301' title='bbox 357 3841 503 3895; x_wconf 86' lang='lat' dir='ltr'><strong>confusum</strong></span> <span class='ocrx_word' id='word_1_302' title='bbox 516 3857 579 3894; x_wconf 89' lang='lat' dir='ltr'><strong>cum</strong></span> <span class='ocrx_word' id='word_1_303' title='bbox 597 3858 625 3894; x_wconf 92' lang='lat' dir='ltr'><strong>m</strong></span> <span class='ocrx_word' id='word_1_304' title='bbox 643 3839 739 3893; x_wconf 87' lang='lat' dir='ltr'><strong>suerat.</strong></span> <span class='ocrx_word' id='word_1_305' title='bbox 778 3838 893 3893; x_wconf 90' lang='lat' dir='ltr'><strong>Locutio</strong></span> <span class='ocrx_word' id='word_1_306' title='bbox 911 3838 1008 3892; x_wconf 88' lang='lat' dir='ltr'><strong>similis</strong></span> <span class='ocrx_word' id='word_1_307' title='bbox 1027 3838 1103 3909; x_wconf 91' lang='lat' dir='ltr'><strong>apud</strong></span> <span class='ocrx_word' id='word_1_308' title='bbox 1116 3839 1229 3907; x_wconf 85' lang='lat' dir='ltr'><strong>Florum</strong></span> 
     </span>
    </p>
   </div>
   <div class='ocr_carea' id='block_1_5' title="bbox 711 3937 755 3986">
    <p class='ocr_par' dir='ltr' id='par_1_12' title="bbox 711 3937 755 3986">
     <span class='ocr_line' id='line_1_40' title="bbox 711 3937 755 3986; baseline 0.045 -2"><span class='ocrx_word' id='word_1_309' title='bbox 711 3937 755 3986; x_wconf 87' lang='lat'><strong>181</strong></span> 
     </span>
    </p>
   </div>
   <div class='ocr_carea' id='block_1_6' title="bbox 0 0 1528 4568">
    <p class='ocr_par' dir='ltr' id='par_1_13' title="bbox 0 0 1528 4568">
     <span class='ocr_line' id='line_1_41' title="bbox 0 0 1528 4568; baseline 0 0"><span class='ocrx_word' id='word_1_310' title='bbox 0 0 1528 4568; x_wconf 95' lang='lat' dir='ltr'><strong> </strong></span> 
     </span>
    </p>
   </div>
  </div>
 </body>
</html>
