3024 4568
617 434 746 493 LIBER
768 436 801 495 11

211 600 366 661 noxiorum
386 601 530 663 ultionem
552 602 630 662 mitis
651 603 776 664 aliorum
795 603 947 682 castigatio
966 605 1049 665 breui
1063 604 1151 683 sopiit
1172 625 1207 665 ac

210 698 333 759 sustulit
377 719 438 777 quo
466 700 587 777 quidem
615 713 748 778 tempore
776 713 808 761 ut
836 705 975 780 pleraque
1010 724 1066 763 non
1101 703 1235 780 ignaue4

211 795 413 870 Germanicus,
436 796 621 872 ita'Drusus
645 797 696 874 qui
716 819 735 857 a
755 809 837 876 patre
857 799 888 858 in
910 799 940 859 id
962 799 1058 878 ipsum
1080 801 1207 878 plurimo

105 933 108 940 ·
210 891 332 968 quidem
353 893 420 970 igne
442 894 572 956 emicans
593 895 764 957 incendium
786 897 918 958 militaris
939 901 1082 958 tumultus
1101 899 1208 960 missus
1231 930 1234 936 ·

182 1010 195 1057 5
210 1002 279 1064 erat,
294 990 390 1068 prisca
403 991 584 1069 antiquaque
598 992 754 1052 seueritate
768 1014 847 1068 usus,
863 993 1003 1072 ancipitia
1016 995 1073 1055 sibi
1087 1007 1208 1072 tamque

209 1108 240 1148 re
264 1108 354 1165 quam
377 1092 513 1168 exemplo
535 1089 708 1167 perniciosa,
732 1102 761 1150 et
783 1090 829 1150 his
851 1090 922 1168 ipsis
944 1091 1072 1152 militum
1093 1093 1206 1170 gladiis,

210 1184 318 1261 quibus
333 1187 472 1246 obsessus
495 1197 564 1259 erat,
580 1186 743 1247 obsidentis
763 1187 901 1261 coercuit,
917 1187 1056 1266 singulari
1072 1189 1207 1251 adiutore
1220 1214 1234 1262 5

210 1281 240 1340 in
263 1302 299 1342 eo
322 1283 441 1360 negotio
464 1304 534 1344 usus
560 1283 648 1347 Iunio
671 1287 787 1359 Blaeso,
813 1285 877 1346 uiro
902 1286 1016 1346 nescias
1038 1287 1154 1349 utiliore
1176 1289 1207 1348 in

210 1379 311 1439 castris
325 1400 364 1439 an
378 1380 500 1441 meliore
514 1381 544 1440 in
558 1393 644 1458 toga:
667 1381 718 1459 qui
732 1394 800 1459 post
813 1403 925 1460 paucos
939 1404 1034 1444 annos
1048 1389 1208 1461 proconsul

168 1496 197 1530 ro
210 1475 241 1534 in
258 1476 359 1536 Africa
376 1490 550 1539 ornamenta
570 1478 758 1555 triumphalia
779 1500 847 1539 cum
868 1479 1066 1559 appellatione
1087 1481 1209 1559 impera-

210 1572 285 1632 toria
312 1574 425 1634 meruit.
476 1586 506 1634 at
535 1575 696 1653 Hispanias
721 1576 970 1654 exercitumque*
989 1599 1004 1632 s
1020 1596 1035 1630 u
1051 1577 1208 1638 uirtutibus

211 1671 460 1749 celeberrimaque
474 1671 504 1732 in
521 1672 638 1750 Illyrico
653 1673 756 1733 militia
775 1673 982 1751 praediximus,
998 1695 1067 1735 curn
1084 1675 1208 1752 imperio

212 1767 366 1842 obtineret,
381 1769 412 1828 in
428 1790 545 1829 summa
559 1791 633 1847 pace
646 1779 675 1829 et
687 1771 786 1848 quiete
806 1771 960 1845 continuit,
977 1792 1045 1832 cum
1067 1771 1094 1832 ei
1115 1772 1208 1849 pietas

211 1864 373 1926 rectissima
393 1865 541 1926 sentiendi
558 1878 587 1926 et
608 1867 766 1928 auctoritas
788 1888 864 1946 quae
885 1867 1031 1928 sentiebat
1052 1869 1208 1930 obtinendi

152 1975 383 2047 ¹15superesset.
427 1963 510 2024 cuius
535 1985 636 2024 curam
660 1985 695 2025 ac
717 1967 808 2025 fidem
835 1967 992 2026 Dolabella
1013 1986 1142 2044 quoque,
1164 1967 1209 2027 uir

211 2059 405 2137 simplicitatis
427 2061 677 2138 generosissimae,
701 2061 732 2122 in
754 2061 900 2122 maritima
921 2075 1003 2140 parte
1029 2063 1136 2140 Illyrici
1157 2085 1210 2142 per

211 2157 312 2217 omnia
326 2157 456 2219 imitatus
470 2171 521 2220 est

199 2245 202 2250 ⁸
252 2258 371 2317 Horum
392 2275 447 2316 xvr
469 2278 615 2317 annorum
637 2278 727 2334 opera
748 2257 813 2335 quis
835 2279 904 2318 cum
925 2258 1094 2336 ingerantur
1114 2261 1276 2320 oculis126

210 2353 376 2430 animisque
391 2354 533 2427 omnium,
551 2352 606 2436 [in]
621 2354 753 2432 partibus
767 2357 943 2433 eloquatur?
968 2357 1093 2417 sacrauit
1107 2377 1209 2434 paren-

168 2473 199 2506 ιο
210 2461 270 2510 tem
285 2471 372 2511 suurn
388 2453 497 2513 Caesar
511 2473 572 2512 non
586 2451 718 2529 imperi0,
735 2455 788 2514 sed
802 2453 950 2530 religione,
966 2475 1027 2514 non
1048 2453 1208 2532 appellauit

210 2567 288 2621 eum,
304 2550 358 2609 sed
376 2548 445 2608 fecit
468 2552 566 2609 deum.
609 2560 748 2610 reuocata
765 2549 797 2609 in
811 2553 908 2610 forum
922 2552 1005 2624 fides
1021 2563 1171 2612 summota
1191 2571 1234 2612 e2

245 2719 257 2750 1
276 2705 410 2752 noxiorum
430 2704 570 2752 Gronouius
581 2706 650 2767 prob.
670 2704 795 2754 Bentlerb:
816 2712 958 2753 nostrorum
974 2705 1028 2753 ΑΡ
1122 2723 1138 2754 a
1155 2723 1208 2755 non

212 2768 310 2818 addrilr':
333 2785 417 2830 gnaue
436 2769 582 2817 Salmasius
595 2777 617 2818 at
630 2771 737 2831 Bentley.
772 2770 842 2817 Huic
855 2771 961 2818 um'lom
978 2771 1105 2834 adscripsit
1124 2771 1206 2822 Bantl.

212 2833 271 2896 ‘fo‚'
283 2834 307 2884 lr.
319 2851 339 2885 e.
351 2835 476 2883 sortasse:
494 2836 575 2897 itaque
586 2851 636 2882 non
649 2836 764 2898 probauit
778 2840 909 2896 tamquam
921 2836 1038 2898 alienum,
1055 2837 1099 2883 sed
1105 2839 1209 2898 protulit

212 2905 343 2962 tamquam
354 2917 432 2948 suum
442 2917 448 2947 r
460 2900 559 2961 ignouit
570 2901 605 2949 ad.
619 2900 712 2962 Br'pont
775 2916 791 2961 3
804 2901 906 2948 Drusus
914 2901 1026 2949 Gelenius
1037 2919 1042 2948 :
1054 2901 1148 2950 Brutus
1157 2903 1211 2950 AP

211 2966 319 3025 plurimo
331 2967 432 3027 quidem
451 2965 515 3016 AP:
534 2966 693 3027 plurimoque
706 2967 773 3014 idem
789 2966 830 3013 uel
844 2966 951 3026 plurimo
963 2966 1060 3026 pridem
1072 2967 1208 3017 Heinsius:

211 3044 226 3090 5
244 3039 346 3092 tamque
363 3047 391 3080 re
406 3032 492 3094 scripu
500 3049 506 3080 :
529 3038 580 3080 tarn
596 3048 624 3080 re
636 3031 676 3079 P:
696 3032 786 3079 timere
799 3031 869 3080 AB:
886 3031 972 3079 maluit
991 3038 1079 3080 tenere
1093 3032 1206 3096 Maduig,

211 3096 279 3158 quod
287 3112 375 3144 uerum
391 3113 440 3144 non
456 3097 522 3144 credo
621 3113 634 3158 7
652 3096 793 3146 obsidentis
809 3097 835 3144 A
927 3099 943 3144 8
961 3096 1038 3144 Bleso
1049 3097 1103 3144 ΑΡ
1192 3116 1209 3160 9

212 3169 304 3238 proco-s
321 3178 347 3225 A
451 3193 482 3225 ro
497 3178 571 3240 apell.
587 3178 614 3225 A
721 3193 747 3225 11
767 3185 793 3226 at
804 3178 846 3227 A:
868 3179 900 3226 ad
913 3179 953 3227 B:
970 3195 999 3226 ac
1011 3178 1037 3225 P
1148 3179 1209 3226 Post

211 3244 401 3304 exercitumque
423 3243 532 3306 Madus'g
552 3245 669 3291 lamnam
687 3245 779 3304 statuit,
800 3260 877 3305 quam
897 3245 931 3290 sr'c
945 3245 1049 3305 expleuit
1062 3244 1088 3290 in
1103 3244 1133 3290 iis
1151 3260 1207 3292 cum

212 3309 245 3356 Μ,
267 3309 384 3369 Lepidus,
403 3310 435 3355 de
453 3309 524 3357 cuius
543 3310 703 3371 probabiliter,
731 3309 806 3356 iudice
826 3310 940 3357 Elr'maro
955 3309 1030 3356 Klebs
1046 3310 1071 3356 r'n
1089 3308 1208 3371 Prosopo.
1275 3308 1276 3311 ’

207 3375 314 3436 graphia
330 3373 445 3421 Romani
456 3374 550 3437 Impm'
564 3375 579 3424 i.
597 3383 623 3436 p.
642 3389 671 3435 31
691 3391 716 3423 n.
735 3376 790 3435 248.
826 3375 894 3423 Antr
909 3374 1055 3422 Maduicum
1073 3374 1212 3421 medebatur

211 3438 301 3486 Iunius
316 3438 423 3486 Blaesus
441 3440 515 3487 ettam
536 3440 677 3503 Hispanias
698 3441 785 3488 rexr'sse
884 3454 913 3501 13
930 3441 956 3487 in
974 3455 1073 3488 summa
1089 3439 1119 3501 P,
1138 3445 1161 3486 et
1176 3441 1210 3487 sic

211 3504 236 3550 A
246 3504 380 3552 secundum
389 3506 466 3552 Orelli
474 3511 496 3551 et
506 3505 609 3566 Faclrter,
623 3522 684 3553 nam
696 3506 760 3552 milri
764 3506 849 3567 potrus
859 3506 900 3553 cui
917 3506 968 3561 [uel
981 3508 1049 3561 cum)
1064 3520 1162 3552 summa
1173 3511 1209 3552 est

212 3569 303 3618 uisum.
331 3568 486 3634 Marianam,
500 3570 543 3618 sed
552 3571 713 3634 neglegentius
729 3573 844 3632 emptum
860 3571 963 3618 liabetur
1020 3578 1046 3618 et
1061 3570 1118 3620 add.
1134 3571 1212 3618 Orelli

215 3667 243 3713 14
261 3651 312 3701 obt.
326 3650 365 3699 P:
382 3659 433 3713 opt.
447 3651 472 3698 A
542 3654 571 3700 18
589 3652 699 3701 xv1.Ar
716 3643 769 3702 iul.
784 3653 810 3700 P
873 3653 1022 3712 ingerantur
1040 3653 1080 3699 uel
1090 3653 1208 3714 ingerant

211 3733 240 3764 se
251 3718 404 3780 sorbsm'm:
428 3718 513 3765 insera
532 3717 599 3765 BA:
624 3718 719 3766 inserta
737 3719 789 3766 sint
804 3717 830 3765 Ρ
874 3717 932 3765 Vide
944 3717 1041 3767 Comm.
1057 3718 1113 3768 Crr't.
1177 3734 1208 3780 19

212 3784 325 3843 partibus
336 3783 397 3831 Voss
461 3799 494 3831 ao
505 3784 578 3844 apell.
589 3783 615 3830 A
683 3799 713 3831 21
726 3799 840 3832 eumom.
851 3782 941 3831 Gruter

687 3931 734 3984 135
