2996 4520
615 461 745 521 LIBER
766 462 799 520 11

204 631 315 692 reditus
335 631 408 693 fuit:
430 631 514 693 omni
528 631 639 710 quippe
661 631 811 692 Brundisii
831 630 955 691 dimisso
977 630 1105 691 exercitu
1128 629 1202 689 nihil

204 742 319 808 praeter
340 750 452 790 nomen
475 730 659 807 imperatoris
677 730 807 790 retinens
826 749 895 789 cum
914 728 1030 806 priuato
1049 727 1200 800 comitatu,

204 847 295 905 quern
309 847 426 905 semper
440 827 482 887 illi
502 847 606 888 uacare
625 827 715 888 moris
733 827 797 900 fuit,
813 826 844 886 in
863 826 967 886 urbem
986 825 1072 886 rediit
1093 825 1203 903 magni-

203 923 488 1003 ficentissimumque
498 927 537 986 de
548 937 592 986 tot
605 925 723 1004 regibus
737 945 790 1002 per
800 924 926 985 biduum
936 924 996 1001 egit
1009 924 1201 1000 triumphum,
1272 1001 1274 1008 γ

174 1042 189 1089 5
203 1023 351 1100 longeque
365 1022 508 1083 maiorem
523 1023 606 1083 omni
619 1035 689 1084 ante
703 1043 735 1083 se
749 1022 840 1082 inlata
853 1021 981 1099 pecunia
998 1021 1030 1080 in
1048 1020 1201 1092 aerarium,

203 1130 408 1198 praeterquam
435 1141 454 1180 a
482 1123 584 1195 Paulo,
607 1141 644 1182 ex
668 1120 816 1181 manubiis
844 1120 950 1180 intulit.
992 1119 1116 1180 absente
1145 1120 1232 1186 Cn.4

203 1217 348 1294 Pompeio
376 1220 411 1278 T.
441 1219 569 1296 Ampius
596 1229 626 1279 et
654 1221 689 1278 T.
720 1218 870 1279 Labienus
898 1218 1008 1278 tribuni
1031 1214 1076 1294 pl.
1107 1219 1202 1294 legem

203 1315 341 1388 tulerunt,
357 1327 390 1376 ut
403 1315 428 1376 is
442 1317 521 1377 ludis
535 1316 716 1377 circensibus
736 1337 847 1376 corona
865 1335 954 1375 aurea
975 1326 1005 1374 et
1024 1314 1107 1375 omni
1121 1316 1202 1373 cultu

204 1412 449 1490 triumphantium
471 1425 609 1488 uteretur,
624 1414 767 1475 scaenicis
788 1425 889 1474 autem
913 1423 1063 1490 praetexta
1083 1432 1204 1472 corona-

160 1527 192 1563 10
205 1529 263 1586 que
287 1531 382 1570 aurea.
433 1511 466 1572 id
492 1512 542 1572 ille
564 1532 626 1572 non
650 1514 716 1589 plus
744 1532 835 1590 quam
863 1514 963 1584 semel,
989 1521 1018 1570 et
1046 1511 1104 1570 hoc
1132 1530 1203 1569 sane

205 1607 330 1667 nimium
344 1608 407 1681 fuit,
423 1628 564 1686 usurpare
586 1609 731 1669 sustinuit.
775 1609 863 1669 huius
882 1608 937 1669 uiri
951 1607 1099 1684 fastigium
1114 1606 1202 1666 tantis

203 1705 340 1765 auctibus
362 1707 480 1765 fortuna
502 1706 613 1780 extulit,
637 1716 670 1766 ut
693 1706 822 1784 primurn
845 1727 881 1766 ex
905 1704 1013 1778 Africa,
1037 1704 1142 1764 iterum
1167 1724 1203 1764 ex

205 1803 333 1880 Europa,
357 1803 443 1864 tertio
470 1823 507 1864 ex
531 1803 603 1863 Asia
626 1803 820 1880 triumpharet
841 1815 879 1876 et,
906 1813 980 1880 quot
1003 1813 1101 1879 partes
1123 1801 1202 1861 orbis

204 1910 345 1960 terrarum
367 1912 444 1974 sunt,
470 1901 596 1961 totidem
620 1902 729 1961 faceret
752 1900 937 1960 monimenta
958 1899 1099 1960 uictoriae
1121 1919 1199 1958 suae.

159 2014 189 2066 15
203 2018 367 2075 numquam
390 1998 552 2059 eminentia
573 1998 687 2059 inuidia
714 2009 822 2058 carent.
864 1997 965 2076 itaque
993 2008 1022 2058 et
1050 1999 1229 2068 Lucullus‚5

203 2116 317 2156 memor
332 2103 457 2157 ttamen
476 2107 616 2174 acceptae
634 2096 766 2170 iniuriae,
782 2108 812 2156 et
832 2098 972 2156 Metellus
992 2095 1125 2158 Creticus
1140 2115 1202 2154 non

201 2193 309 2255 iniuste
324 2215 449 2272 querens
465 2195 590 2276 (quippe
603 2207 812 2255 ornamentum
830 2194 971 2271 triumphi
990 2193 1053 2254 eius
1067 2193 1201 2271 captiuos

201 2292 293 2351 duces
316 2291 477 2368 Pompeius
500 2290 692 2370 subduxerat)
717 2303 839 2352 etcum
862 2291 897 2352 iis
921 2311 988 2369 pars
1013 2291 1200 2368 optimatium

200 2388 406 2466 refragabatur,
430 2409 469 2448 ne
490 2400 542 2449 aut
569 2389 714 2466 promissa
741 2389 911 2449 ciuitatibus
938 2408 957 2448 a
981 2389 1127 2466 Pompeio
1150 2400 1201 2448 aut

155 2505 187 2541 ao
200 2485 278 2545 bene
292 2485 403 2545 meritis
417 2485 549 2562 praemia
561 2487 601 2546 ad
614 2486 767 2546 arbitrium
782 2486 845 2546 eius
859 2488 1103 2563 persoluerentur.

240 2585 365 2643 Secutus
380 2582 490 2643 deinde
504 2593 548 2644 est
563 2586 667 2643 consul
681 2585 716 2646 C.
728 2586 845 2658 Caesar,
857 2583 908 2662 qui
923 2583 1064 2644 scribenti
1078 2605 1200 2644 manum
1213 2593 1248 2650 41

233 2754 245 2786 1
264 2737 405 2786 Brundusii
422 2736 477 2784 ΑΡ
604 2753 620 2798 3
637 2737 672 2785 illi
684 2753 778 2786 uacare
789 2738 943 2794 Rhenanam
966 2737 1008 2786 illa
1025 2737 1106 2787 latare
1122 2740 1200 2788 moris

200 2802 263 2864 (iata
274 2803 383 2852 remoris
394 2802 433 2866 A)
445 2802 494 2849 PA
508 2820 514 2850 ε
534 2801 569 2849 illi
582 2811 666 2852 astare
678 2803 818 2852 Doederlein
837 2808 860 2851 et
878 2803 968 2864 Halm,
982 2803 1100 2865 probante
1120 2803 1149 2853 G.
1162 2805 1197 2854 A.

198 2869 267 2917 Koch
387 2883 402 2929 5
420 2869 554 2929 pecuniam
565 2867 684 2932 Kreyssig
787 2871 804 2917 6
821 2877 924 2930 praeter
941 2884 1017 2929 quam
1035 2867 1089 2915 ΑΡ
1185 2887 1199 2932 7

201 2934 228 2984 1.
246 2933 368 2995 Tampius
388 2933 492 2982 Vrsinus
504 2934 633 2983 labienus
648 2934 739 2982 benius
756 2933 782 2980 A
798 2935 851 2994 (sic)
970 2936 986 2982 8
1004 2934 1117 2983 tulerunt
1133 2934 1199 2986 AP:

199 3000 311 3048 tulerant
321 2998 451 3048 Aeriialius
508 3000 529 3048 is
541 2998 660 3048 Vrsinus:
677 2999 700 3047 si
708 2998 764 3045 ΑΡ
769 3017 774 3049 :
780 2999 842 3060 fort.
853 2999 889 3046 uti
898 2999 921 3047 is
933 3000 973 3046 uel
978 2999 999 3046 is
1007 3007 1036 3047 ut
1108 3001 1157 3048 liei
1169 3016 1200 3050 10

198 3081 277 3113 aurea
286 3063 354 3112 AP:
371 3065 459 3114 laurea
469 3065 572 3129 Lipsius
580 3065 625 3124 bis,
638 3070 665 3111 a!
676 3064 731 3114 uide
742 3065 863 3127 Borghesi
873 3065 979 3114 oeuvns
990 3065 1005 3114 i.
1019 3079 1068 3126 452
1183 3083 1200 3128 9

198 3138 316 3179 uteretur
327 3145 377 3179 om.
391 3129 416 3176 A
484 3129 595 3179 scenicis
607 3129 633 3175 A
701 3137 818 3192 pretexta
833 3129 858 3177 A
968 3146 1047 3191 11-14
1065 3131 1139 3180 huius
1151 3169 1157 3181 .
1171 3169 1199 3183 ..

198 3195 322 3245 uictoriae
342 3195 426 3258 suae]
456 3195 507 3243 Hic
525 3197 591 3243 Iocus
604 3199 670 3243 extat
686 3203 728 3258 ap.
746 3196 887 3244 scholiasten
906 3195 1005 3244 Lucani
1018 3211 1043 3257 9.
1063 3199 1109 3258 178
1125 3213 1199 3258 quem

197 3261 271 3309 edidit
285 3261 368 3308 Weber
383 3261 417 3308 iii.
431 3267 458 3322 p.
469 3262 518 3322 695
536 3262 580 3308 ubi
593 3260 728 3323 dr'scrrpani
743 3261 801 3309 haec
815 3263 970 3311 actibus...
984 3268 1013 3310 ut
1032 3262 1141 3325 primum
1153 3299 1159 3311 .
1172 3300 1178 3312 .
1192 3301 1199 3312 .

198 3327 275 3375 tertio
283 3343 315 3374 ex
325 3325 469 3387 Hispania.
482 3363 489 3376 .
501 3362 507 3374 .
520 3332 607 3388 partes
615 3333 700 3374 terrae
712 3363 718 3376 .
731 3361 737 3374 .
750 3363 757 3375 .
769 3328 926 3376 monimenta
994 3342 1023 3374 ra
1041 3328 1136 3390 primus
1147 3328 1202 3375 ΑΡ

200 3407 230 3453 13
246 3392 317 3453 quod
329 3393 449 3452 (reficiam
465 3392 575 3453 inquot)
594 3398 681 3454 partes
699 3392 768 3441 orbis
789 3400 913 3442 terrarum
931 3393 985 3441 sirit
1004 3399 1063 3441 sunt
1080 3392 1106 3439 A
1126 3394 1199 3454 (siem

198 3465 323 3507 terrarum
339 3457 407 3505 orbis
422 3455 449 3503 Ρ
562 3471 591 3517 14
609 3472 720 3508 monum.
734 3456 789 3503 ΑΡ
902 3460 933 3506 16
949 3463 1006 3506 ante
1018 3474 1114 3507 memor
1132 3460 1159 3507 in
1171 3458 1196 3506 A

197 3523 303 3571 delum
314 3528 350 3570 est
367 3530 394 3572 et
411 3521 546 3573 Metellus:
565 3523 703 3585 scnpsen'm
722 3529 748 3570 et
768 3521 830 3573 Met.
849 3523 974 3586 Creticus,
996 3539 1097 3572 memor
1112 3532 1198 3573 tamen

197 3595 319 3650 acceptae
336 3588 443 3638 iniuriae
461 3602 514 3635 non
531 3588 624 3638 iniuste
641 3603 761 3651 querens
775 3589 872 3650 quippe
883 3593 948 3638 &or
968 3588 1119 3651 tamenAP,
1133 3590 1203 3652 quod

197 3654 282 3702 mrsm
293 3654 394 3718 languet
404 3654 432 3701 de
443 3653 547 3701 Lumiio
559 3670 565 3703 a
582 3654 685 3702 tandem
695 3654 783 3703 Orelli:
801 3661 862 3702 ante
871 3654 981 3703 Laurent
1041 3663 1068 3703 et
1078 3654 1199 3704 Metellus

197 3719 239 3768 Cr.
257 3718 326 3767 AP:
350 3720 483 3768 Craeticus
503 3718 558 3781 del,
576 3719 630 3767 dein
648 3719 765 3769 Creticus
780 3718 806 3766 A
828 3720 839 3784 (
858 3720 882 3784 ’>
983 3737 994 3768 1
1029 3736 1157 3784 quaerens
1170 3722 1196 3767 A

198 3785 229 3832 18
247 3785 311 3832 duos
327 3793 448 3848 suprascr.
468 3785 547 3832 duces
558 3784 603 3833 sed
616 3785 681 3834 duos
692 3801 743 3833 non
754 3800 823 3832 eraso
835 3785 861 3832 A
874 3803 880 3834 ε
897 3785 978 3834 ducus
989 3736 1029 3834 Ii:
1046 3788 1126 3836 duces
1138 3802 1196 3836 carr.

196 3865 337 3915 Rhenanus
434 3881 464 3915 ar
483 3860 558 3916 CUS'
564 3866 609 3916 A:
626 3867 780 3916 Consulatus
795 3866 821 3917 P
888 3869 917 3919 C.
931 3869 1200 3934 Caesarsqui,deinde

196 3930 219 3980 is
233 3936 290 3980 ante
300 3931 343 3994 qul
355 3930 411 3984 adal
424 3939 502 3998 supra
518 3934 610 3984 lineam
625 3932 651 3980 A
664 3951 671 3983 r
688 3933 717 3984 C.
729 3933 847 3984 Caesaris
858 3933 889 3999 P,
903 3935 994 3984 comni
1001 3951 1032 3984 ex
1041 3934 1067 3982 A

679 4034 712 4086 59
