3024 4568
502 455 846 515 COMMENTARIVS
869 455 1067 515 CRITICVS

280 635 356 672 se..
383 623 565 674 committeret
587 621 740 688 decreuere,
765 620 819 676 nisi
847 621 922 691 quod
947 623 1073 675 Thomas
1094 622 1285 690 priuatusque

281 703 402 772 retinuit,
416 716 558 777 tamquam
572 725 625 776 que
636 714 664 762 et
675 707 747 762 inter
759 725 789 762 se
803 709 972 777 respondere
985 707 1107 762 Velleius
1120 707 1246 762 uoluerit.

319 794 416 848 Unum
441 794 525 849 habet
549 795 577 848 A
600 811 656 865 quo
686 795 825 864 discrepet
855 812 918 848 cum
949 796 983 861 P,
1004 794 1129 848 additum
1161 811 1196 847 ne
1221 803 1284 863 post

281 881 393 950 legione.
437 882 502 934 Hoc
519 899 553 934 ex
574 899 652 935 mera
672 881 860 950 geminatione
883 882 1006 950 syllabae
1026 891 1118 935 ortum
1137 879 1286 934 uidebatur

283 967 397 1021 Orellio.
436 969 492 1022 Sed
505 979 598 1038 potest
616 969 699 1023 etiam
717 969 772 1022 alio
792 969 901 1023 ducere.
940 969 1015 1038 Quid
1033 968 1055 1022 si
1073 967 1285 1022 locussiccon·

283 1054 440 1109 stituendus
459 1055 516 1109 sit?
551 1057 743 1114 tantummodo
760 1062 904 1109 contentus
921 1073 979 1109 uno
995 1057 1103 1126 legione
1117 1055 1234 1108 tt'iulum
1251 1072 1286 1106 ne

283 1144 417 1195 retineret
431 1144 605 1212 prouinciae,
628 1144 818 1212 priuatosque
839 1145 869 1196 in
895 1143 988 1195 urbem
1013 1144 1129 1206 ueniret,
1151 1147 1179 1194 et
1201 1159 1230 1194 se
1253 1143 1284 1194 in

279 1231 413 1298 petitione
424 1231 586 1284 consulatus
597 1232 744 1301 noffragiir
753 1231 786 1284 P.
797 1231 831 1283 R.
841 1231 1027 1295 committeret,
1040 1231 1190 1284 decreuere.
1228 1227 1284 1281 Hic

282 1333 345 1370 cnm
355 1327 419 1385 post
429 1323 573 1370 contentus
582 1316 767 1372 omittendum
780 1326 856 1383 erat;
875 1316 991 1370 ie'iulum
1001 1334 1036 1368 ne
1045 1315 1146 1385 (potius
1157 1332 1242 1385 quam
1252 1332 1286 1366 ne

280 1402 410 1471 titulum)
425 1406 557 1457 retineret
569 1403 672 1473 pariter
684 1421 718 1456 ac
731 1406 856 1457 ueniret.
868 1443 874 1456 .
886 1444 892 1458 .
906 1406 1086 1457 committeret
1097 1402 1286 1456 scribendum.

320 1504 387 1558 501
409 1492 447 1544 At
468 1492 574 1544 Caesar
593 1491 719 1544 Domitio
741 1490 952 1559 legionibusque
972 1490 1075 1543 Corfini
1096 1507 1233 1544 unacum
1252 1506 1286 1542 eo

281 1577 392 1632 fuerant
404 1578 510 1647 potitus
529 1579 599 1632 duce
618 1578 735 1648 aliisque
755 1578 800 1648 qui
820 1587 954 1632 uenerant
972 1577 1049 1634 abire
1066 1578 1103 1631 ad
1122 1576 1285 1647 Pompeium

283 1665 342 1718 sine
361 1664 497 1718 dilatione
510 1664 642 1719 dimissis.
655 1665 694 1720 Α.

318 1751 528 1823 legionibusque
542 1753 647 1807 Corfini
660 1770 731 1822 quae
745 1771 800 1806 una
813 1753 847 1806 P.
920 1762 1053 1808 uenerant
1066 1755 1150 1806 eiiam
1163 1753 1196 1805 P.

321 1841 473 1909 Postquam
491 1839 619 1895 Baiterus
642 1840 806 1894 emendarat
823 1840 1032 1910 legionibusque
1049 1857 1128 1909 qnae,
1142 1849 1285 1908 tamquam

284 1926 390 1980 omisso
410 1944 483 1996 quoe
504 1938 616 1997 propter
637 1927 883 1996 antecedensque,
904 1944 1002 1982 omnes
1021 1916 1147 1980 certatim
1168 1926 1197 1979 id
1212 1943 1286 1979 rece-

282 2024 390 2082 perunt,
401 2015 527 2068 ordinem
538 2015 585 2084 qui
599 2015 627 2068 in
640 2017 667 2068 P
679 2025 722 2069 est
734 2016 941 2084 legionibusque
951 2015 1058 2083 Corfini
1067 2031 1140 2084 qnae
1152 2030 1210 2068 nna
1222 2030 1285 2066 cnm

282 2118 312 2153 eo
310 2103 437 2172 fuerant
446 2101 634 2170 repudiarunt.
654 2101 747 2170 Atqui,
762 2101 1006 2171 palaeographiam
1020 2101 1042 2156 si
1054 2101 1185 2171 excipiaS,
1194 2111 1286 2155 cetera

283 2205 334 2258 pro
359 2189 413 2242 hoc
438 2188 531 2258 potius
560 2199 642 2243 stant.
690 2190 798 2258 Corfini
823 2189 896 2243 enim
920 2190 947 2242 in
974 2188 1111 2258 principio
1132 2188 1285 2243 sententiae

283 2275 376 2345 posuit
395 2277 429 2328 V.
449 2276 517 2329 dum
536 2276 612 2345 cupit
632 2275 726 2330 statim
742 2276 866 2330 indicare
882 2295 916 2330 ex
933 2277 995 2330 loco
1014 2276 1060 2330 ubi
1079 2277 1197 2343 fuerant,
1216 2292 1286 2345 quas

285 2362 422 2432 significat
443 2363 583 2431 legiones:
604 2373 702 2434 estque
720 2365 774 2416 hoc
793 2374 852 2418 tam
871 2382 904 2418 ex
921 2364 1124 2424 consuetudine
1141 2362 1286 2417 latinitatis

284 2460 380 2504 utnon
392 2451 558 2504 aRhenano
572 2449 612 2504 sic
625 2450 765 2506 inuectum
779 2451 915 2518 uideatur,
930 2452 979 2505 sed
992 2468 1064 2520 qreoe
1077 2469 1143 2504 casu
1152 2451 1287 2504 omissum

282 2538 319 2591 ab
340 2537 537 2592 Amerbachio.
582 2543 726 2603 uenerant,
749 2554 799 2606 pro
817 2554 874 2608 quo
891 2537 1015 2608 plerique
1034 2538 1169 2606 scripsere
1191 2537 1286 2590 uolue-

284 2630 359 2691 rant,
368 2623 477 2678 facilius
490 2623 518 2678 in
532 2631 719 2677 conuenerant
730 2623 882 2678 refinxeris.
902 2624 974 2678 Vide
984 2625 1127 2693 Georgesii
1141 2623 1259 2678 Lexicon
1269 2623 1287 2676 i.

286 2723 354 2780 1554
379 2712 425 2765 ubi
451 2713 521 2765 haec
552 2720 690 2765 structura
716 2711 802 2777 uerbi,
828 2727 884 2780 qua
908 2711 1037 2765 homines
1063 2709 1233 2764 conueniunt
1257 2710 1286 2763 in

284 2799 388 2869 aliquid
398 2799 566 2863 faciendum,
578 2799 757 2852 confirmatur
769 2816 803 2852 ex
818 2798 932 2863 Iustino,
940 2798 1060 2867 Hygino,
1072 2808 1099 2852 et
1109 2797 1286 2851 iuridicorum

284 2885 407 2955 seriptis:
429 2885 471 2938 sin
490 2903 524 2939 ea
541 2885 634 2939 minus
647 2885 755 2939 Velleio
771 2885 872 2939 idonea
890 2886 1044 2952 habebitur,
1062 2884 1151 2939 scribe
1167 2885 1286 2954 qui[bus

283 2971 473 3040 con]uenerai.

320 3074 387 3128 524
405 3059 471 3112 illud
495 3060 650 3112 notandum
674 3069 716 3113 est
741 3070 771 3114 ut
795 3058 914 3128 primum
941 3062 972 3114 C.
998 3061 1103 3113 Caesar
1124 3059 1285 3113 inclinatam

284 3147 354 3201 uidit
376 3145 608 3215 Pompeianorum
627 3145 716 3200 aciem
736 3163 826 3215 neque
845 3145 921 3216 prius
940 3163 1031 3216 neque
1050 3145 1190 3216 antiquius
1209 3146 1286 3215 quic-

285 3251 370 3304 quam
384 3233 481 3287 habuit
494 3250 578 3303 quam
592 3230 620 3285 in
638 3250 735 3286 omnes
748 3242 840 3302 partes
856 3243 885 3287 ut
900 3233 1012 3287 militari
1030 3235 1115 3287 uerbo
1128 3241 1155 3287 et
1169 3250 1286 3287 consue-

285 3319 381 3374 tudine
395 3329 457 3373 utar
468 3319 627 3374 dimitteret.
640 3319 678 3372 Α.

302 3417 347 3462 et
360 3408 445 3462 uerbo
457 3417 485 3461 et
498 3424 520 3460 c.
534 3408 568 3460 P.

321 3495 405 3562 Quod
418 3493 542 3564 plerique
554 3503 620 3547 ante
632 3510 678 3546 me
691 3493 737 3563 qui
750 3493 868 3560 luerunt,
877 3494 1017 3547 sincerum
1031 3502 1094 3550 sunt
1107 3492 1240 3559 arbitrati,
1253 3493 1285 3545 in

284 3599 384 3644 omnes,
399 3581 427 3634 in
440 3598 474 3634 eo
486 3581 629 3634 laborasse
644 3580 861 3633 Murbacensem
873 3597 944 3634 reor.
970 3582 1045 3633 Nam
1058 3579 1177 3634 Kritzius
1191 3579 1284 3634 multis

284 3668 353 3721 locis
374 3667 521 3736 praecipue
540 3684 574 3720 ex
596 3666 724 3720 Caesaris
747 3668 779 3719 B.
793 3667 828 3720 G.
851 3666 942 3721 allatis
965 3667 1011 3721 ubi
1030 3669 1062 3722 in
1080 3684 1174 3720 omnes
1187 3670 1286 3736 portes

284 3756 397 3808 dimissi
419 3754 549 3808 dicuntur
576 3755 660 3807 modo
689 3752 790 3807 milites
821 3755 863 3806 uel
890 3753 992 3808 auxilia
1020 3753 1170 3822 legionum,
1199 3753 1285 3806 modo

284 3842 382 3910 nuntii,
403 3842 486 3895 modo
506 3842 701 3910 speculatores,
720 3850 865 3896 contentus
889 3841 928 3896 sic
954 3841 1021 3896 satis
1043 3841 1144 3896 fecisse
1171 3839 1283 3894 militari

763 3940 808 3990 162
