3024 4568
498 453 843 514 COMMENTARIVS
865 450 1063 514 CRITICVS

284 623 319 676 iv.
332 636 356 676 2.
371 633 404 690 50
416 622 451 675 de
465 621 625 674 Pharsalica
638 635 748 688 pugna:
769 618 878 672 multus
895 619 926 671 in
944 635 975 670 eo
986 617 1096 686 proelia
1109 614 1282 684 Caesarsteit

283 711 443 778 meliusque
454 711 530 762 inter
541 711 734 778 imperatorem
747 713 773 760 et
785 708 910 761 militem.

320 811 397 866 1144
415 797 474 850 fero
499 811 597 849 uocem
622 793 697 848 illam
721 804 762 848 tot
789 793 894 847 milium
919 792 1090 846 iuuentutem
1111 790 1193 859 paulo
1216 796 1281 842 ante

284 885 444 939 seruitutem
457 882 593 936 minatam
608 881 704 937 ltaliae
717 882 905 937 conferentem
918 897 996 934 arma
1009 879 1055 949 qui
1070 895 1120 932 usa
1133 887 1193 931 erat
1206 875 1281 945 apud

285 973 387 1024 flumen
406 969 518 1025 nomine
538 970 690 1024 Bathinum
703 1010 710 1024 .
723 1011 729 1024 .
744 1011 750 1024 .
763 968 843 1022 iustis
862 965 1050 1022 uoluminibus
1069 964 1166 1018 ordine
1185 980 1281 1019 narra·

283 1059 434 1113 bimus.A.

318 1145 440 1200 ferocem
454 1143 529 1201 illam
541 1144 575 1199 P.
641 1143 741 1213 quibus
754 1161 804 1197 usa
815 1144 850 1199 P.

321 1233 404 1300 Quod
416 1231 690 1302 Amerbachiusfera
707 1249 807 1298 uocem,
822 1232 973 1284 Rhenanus
980 1230 1104 1300 seratam
1117 1225 1281 1295 interpreta-

284 1329 329 1374 tus
354 1327 405 1383 est,
431 1319 514 1373 credo
539 1317 566 1371 in
593 1317 771 1372 Murbacensi
801 1317 937 1371 eiusmodi
960 1315 1045 1370 luisse
1067 1324 1097 1370 ut
1121 1311 1281 1384 deprauatis

283 1405 389 1471 litteris,
410 1407 574 1460 conturbata
592 1405 734 1475 scriptura,
754 1405 815 1460 aliis
834 1404 910 1458 aliud
928 1403 1077 1457 uideretur.
1114 1404 1157 1456 Ex
1174 1419 1208 1456 eo
1229 1417 1282 1469 ego

285 1492 409 1562 suspicor
418 1477 586 1564 seraa'arem
610 1491 702 1561 potius
727 1509 811 1563 quam
827 1493 950 1561 feracem
974 1489 1176 1544 enucleandum
1201 1504 1280 1542 esse:

284 1589 357 1633 certe
370 1588 399 1632 ut
412 1581 439 1632 ci
450 1579 478 1631 in
492 1596 520 1645 u,
534 1577 574 1632 sic
587 1578 644 1632 rin
657 1595 671 1632 c
682 1577 812 1631 facillime
824 1588 882 1632 erat
896 1577 1084 1631 transiturum.

319 1664 430 1718 Accidit
452 1664 497 1718 hic
522 1663 606 1718 etiam
635 1665 709 1734 quod
739 1682 822 1734 supra
844 1679 900 1720 112.
919 1679 937 1730 4
955 1663 1123 1727 notauimus‚
1146 1672 1176 1715 ut
1196 1662 1281 1716 modo

284 1753 384 1822 quibus
393 1753 478 1806 modo
487 1755 539 1820 qui
551 1753 688 1820 legeretur
700 1751 728 1805 id
739 1754 882 1822 quoderat
893 1751 920 1804 in
933 1752 1120 1806 Murbacensi.
1149 1751 1281 1804 Fortasse

283 1840 356 1908 quib.
369 1839 465 1904 luerat,
480 1838 578 1893 ultima
590 1838 682 1893 littera
695 1839 816 1892 euanida
828 1847 855 1892 et
868 1855 954 1907 prope
967 1854 1056 1892 erasa.

319 1943 363 1996 115
378 1941 393 1979 2
413 1927 527 1980 uictoria
540 1927 699 1998 praedaque
711 1935 826 1980 onustus
844 1925 970 1996 peruenit
983 1925 1020 1978 ad
1040 1927 1189 1979 Caesarem
1203 1933 1231 1978 et
1244 1924 1281 1978 ob

227 2067 228 2072 ,
284 2033 317 2069 ea
342 2033 412 2084 quae
437 2011 460 2068 si
486 2014 603 2084 propriis
632 2015 763 2082 gessisset
790 2013 916 2084 auspitiis
945 2013 1117 2082 triumphare
1147 2012 1281 2066 debuerat

260 2101 454 2155 'ornamentis
473 2101 686 2171 triumphalibus
708 2099 899 2155 consentiente
921 2117 984 2153 cum
1007 2099 1104 2154 iuditio
1125 2098 1280 2168 principum

284 2191 425 2242 uoluntate
438 2197 550 2242 senatus
564 2198 613 2242 est.
626 2189 664 2242 A.

318 2281 432 2328 senatus
444 2281 484 2328 est
495 2275 579 2330 etiam
592 2277 628 2343 P,
641 2276 690 2329 sed
705 2275 732 2328 in
745 2293 831 2344 marg.
846 2277 999 2330 Rhenanus
1015 2275 1161 2328 adnotauit
1174 2275 1181 2302 ‘
1193 2275 1282 2328 dona-

284 2371 328 2416 tus
342 2363 420 2415 deest
435 2370 482 2414 aut
495 2361 601 2415 simile!
640 2363 716 2415 Num
728 2361 779 2415 luit
792 2363 964 2415 adornatus?
998 2364 1067 2416 Hor.
1080 2363 1155 2434 Epp.
1168 2360 1195 2418 ii.
1210 2376 1234 2416 2.
1247 2375 1281 2427 32

286 2451 388 2504 Clarus
400 2450 432 2502 ab
444 2449 477 2502 id
478 2450 593 2520 factum
606 2450 687 2503 danis
703 2457 825 2504 ornatur
837 2450 966 2517 honestis,
980 2451 1015 2504 de
1033 2449 1120 2504 milite
1139 2449 1186 2520 qui
1200 2466 1280 2519 prae-

284 2536 385 2589 sidium
398 2536 491 2604 regale
503 2537 564 2589 loco
578 2535 723 2591 deiecerat.
749 2539 787 2590 Et
801 2536 860 2607 ipse
873 2536 994 2592 Velleius
1007 2551 1052 2590 121
1065 2538 1110 2591 fin.
1119 2538 1282 2606 praecipuis

283 2625 364 2677 danis
375 2624 526 2678 adamatos
538 2626 623 2678 uiros.

320 2715 368 2766 116
385 2727 395 2768 1
411 2729 514 2780 magna
528 2711 555 2766 in
568 2713 641 2767 bello
654 2712 812 2767 Delmatico
831 2712 1018 2781 experimenta
1032 2711 1141 2768 uirtutis
1156 2728 1192 2765 ne
1207 2709 1280 2778 (del.)

284 2799 312 2853 in
326 2801 428 2854 multos
442 2818 475 2854 ac
489 2800 609 2854 difficilis
622 2801 697 2854 locos
711 2801 879 2870 praemissus
894 2799 1077 2856 Germanicus
1096 2801 1172 2854 dedit
1179 2799 1281 2853 celebri

284 2887 368 2941 etiam
391 2904 480 2956 opera,
497 2887 620 2956 diligenti
643 2887 717 2957 quib.
740 2888 782 2942 ius
805 2890 952 2944 Postumus
975 2887 1016 2942 uir
1037 2887 1189 2943 consularis
1209 2904 1281 2957 quae

283 2975 390 3045 positus
405 2975 562 3030 Delmatiae
575 2986 739 3030 ornamenta
751 2976 850 3030 meruit
864 2976 1048 3046 triumphalia.
1061 2978 1099 3031 A.

318 3061 420 3115 celebri
438 3062 523 3116 etiam
542 3079 627 3131 opera
645 3061 778 3131 diligenti.
809 3061 910 3132 quibus
930 3062 1014 3117 Iulius
1036 3061 1221 3142 Posthumius4
1239 3061 1282 3116 uir

284 3149 444 3217 consularis,
458 3150 633 3220 praepositus
655 3149 823 3217 Dalmatiae,
837 3167 862 3204 o.
876 3167 914 3205 m.
927 3159 947 3206 t.
961 3152 994 3206 P.
1068 3151 1118 3206 ‘ex
1130 3161 1183 3205 uet.
1197 3149 1280 3205 habet

285 3236 335 3289 lul.
350 3236 498 3290 Postumus
508 3237 515 3264 ³
526 3238 628 3291 Burer.

319 3322 422 3378 Vtilem
435 3323 480 3378 hic
493 3341 606 3394 operam
623 3324 736 3379 nauauit
758 3327 851 3392 Burer,
864 3325 911 3396 qui
929 3343 986 3381 non
1002 3327 1090 3380 solum
1103 3325 1282 3380 Amerbachii

284 3409 457 3478 diligentiam
476 3411 504 3463 in
524 3411 722 3481 orthographia
741 3412 902 3479 ostenderit,
920 3431 985 3466 nam
1008 3413 1052 3466 hic
1074 3414 1233 3466 Delmatiae
1254 3423 1283 3468 et

284 3505 349 3550 ante
360 3497 517 3551 Delmatico
526 3506 600 3552 recte
614 3507 641 3551 et
652 3514 685 3551 ex
698 3498 876 3552 Murbacensi
891 3499 1008 3569 scripsit,
1022 3509 1119 3554 contra
1128 3500 1281 3554 Rhenanus

284 3584 458 3651 Dalmatiae,
480 3586 658 3652 Dalmatica3
688 3585 737 3638 sed
763 3603 826 3638 cum
851 3587 1005 3640 Rhenanus
1029 3586 1162 3642 edidisset
1187 3587 1283 3643 Iulius

284 3671 476 3739 Pastiumius‚
502 3688 557 3725 non
583 3674 637 3726 hoc
660 3672 743 3726 luisse
770 3672 797 3725 in
824 3673 1011 3741 Murbacensi,
1037 3675 1086 3728 sed
1105 3674 1161 3728 Iul.
1179 3674 1281 3727 Pastu-

285 3773 348 3810 mus
367 3757 441 3812 idem
463 3761 550 3813 Burer
574 3758 664 3829 ipsum
689 3757 813 3815 codicem
832 3769 969 3814 scrutatus
993 3759 1146 3817 tradiderit.
1184 3760 1282 3830 Itaque

284 3843 374 3900 fuerat
395 3843 423 3900 in
444 3846 621 3900 Murbacensi
644 3847 776 3916 diligenti
797 3846 870 3914 quib.
893 3849 941 3904 ius
966 3846 1021 3916 (uel
1040 3848 1108 3916 Iul.)
1122 3850 1281 3917 postumus.
1339 3841 1343 3848 ’

761 3946 805 3996 182
