3010 4520
592 407 748 474 VELLEI
771 413 1011 476 PATERCVLI

301 585 497 650 consobrinus
518 585 565 646 Ti.
584 586 720 660 Gracchi,
740 586 865 664 patriam
887 585 1057 664 cognationi
1078 589 1246 664 praeferens
1267 598 1297 646 et

299 685 447 765 quidquid
479 688 600 766 publice
634 691 760 750 salutare
794 709 856 750 non
886 700 972 764 esset,
1000 689 1139 770 priuatim
1166 688 1297 772 alienum

299 786 469 847 existimans
490 785 543 867 (ob
562 808 611 848 eas
631 788 753 850 uirtutes
767 789 879 867 primus
894 789 1029 851 omnium
1043 771 1151 852 absens
1165 788 1298 867 pontifex

299 884 445 945 maximus
458 887 554 946 factus
567 884 634 964 est),
649 886 832 948 circumdata
849 889 936 974 laeuo
955 887 1077 950 brachio
1091 899 1178 966 togae
1191 885 1299 947 lacinia

299 1003 335 1042 ex
369 983 519 1060 superiore
553 995 636 1061 parte
670 985 799 1062 Capitoli
833 986 957 1047 summis
987 987 1127 1064 gradibus
1158 985 1326 1048 insistens5

299 1084 433 1142 hortatus
447 1092 500 1155 est,
516 1080 568 1159 qui
582 1083 694 1142 saluam
709 1085 820 1143 uellent
839 1104 901 1143 rem
920 1083 1080 1160 publicam,
1096 1105 1128 1144 se
1142 1104 1298 1161 sequeren-

272 1190 354 1239 ²tur.
397 1190 461 1240 tum
484 1180 651 1257 optimates,
675 1192 794 1241 senatus
816 1192 906 1258 atque
928 1181 1071 1258 equestris
1094 1181 1206 1243 ordinis
1230 1202 1297 1259 pars

300 1277 404 1339 melior
418 1289 447 1338 et
461 1277 563 1352 maior,
579 1289 609 1339 et
621 1277 733 1338 intacta
746 1278 918 1355 perniciosis
937 1278 1068 1340 consiliis
1082 1280 1168 1357 plebs
1181 1278 1298 1340 inmere

298 1376 329 1435 in
343 1387 345 1392 ⁴
358 1379 527 1437 Gracchum
552 1386 679 1437 stantem
701 1375 733 1436 in
756 1397 824 1458 area
847 1396 916 1436 cum
940 1377 1066 1438 cateruis
1090 1377 1150 1438 suis
1174 1389 1205 1438 et
1228 1397 1298 1438 con·

298 1476 427 1537 cientem
441 1494 537 1552 paene
551 1474 641 1535 totius
656 1474 760 1535 ltaliae
774 1463 976 1553 frequentiam.
1019 1474 1044 1535 is
1063 1474 1178 1552 fugiens
1195 1478 1297 1536 decur-
1315 1481 1343 1515 ¹0

298 1594 427 1651 rensque
454 1573 533 1634 cliuo
561 1572 740 1650 Capitolino,
769 1572 912 1651 fragmine
942 1572 1063 1635 subselli
1091 1573 1166 1634 ictus
1194 1573 1295 1646 uitam,

302 1691 392 1748 quarn
407 1670 617 1748 gloriosissime
631 1672 738 1748 degere
757 1681 901 1748 potuerat,
912 1671 1059 1732 inmatura
1080 1682 1175 1732 morte
1189 1669 1293 1731 finiuit.

272 1773 358 1831 shoc
378 1768 495 1829 initium
516 1769 547 1830 in
568 1768 642 1829 urbe
664 1770 764 1828 Roma
785 1768 880 1829 ciuilis
901 1768 1051 1847 sanguinis
1072 1768 1298 1846 gladiorumque

300 1867 472 1945 inpunitatis
493 1866 555 1927 fuit.
599 1866 670 1927 inde
683 1865 729 1927 ius
746 1865 776 1926 ui
790 1867 931 1926 obrutum
948 1865 1158 1943 potentiorque
1178 1865 1297 1926 habitus

300 1967 386 2044 prior,
416 1965 641 2041 discordiaeque
671 1964 782 2025 ciuium
817 1975 905 2024 antea
938 1964 1166 2026 condicionibus
1201 1963 1297 2024 sanari
1313 1969 1342 2018 ¹5

300 2064 404 2126 solitae
417 2066 494 2124 ferro
508 2061 688 2123 diiudicatae
701 2062 839 2138 bellaque
853 2082 915 2122 non
929 2061 1025 2122 causis
1045 2061 1127 2136 inita,
1142 2063 1196 2123 sed
1209 2072 1298 2138 prout

269 2162 403 2225 teorum
425 2180 538 2222 merces
556 2159 619 2220 fuit
662 2161 746 2236 quod
762 2160 843 2219 haud
862 2158 970 2219 mirum
990 2169 1053 2220 est:
1082 2180 1144 2220 non
1162 2158 1242 2219 enim
1255 2158 1298 2218 ibi

300 2260 466 2323 consistunt
499 2259 643 2333 exempla,
671 2259 752 2317 unde
782 2268 952 2334 coeperunt,
981 2259 1035 2318 sed
1069 2257 1233 2334 quamlibet
1267 2256 1298 2315 in

300 2373 421 2420 tenuem
448 2367 567 2434 recepta
593 2354 741 2415 tramitem
771 2354 912 2418 latissime
946 2355 1093 2433 euagandi
1126 2355 1184 2416 sibi
1218 2353 1297 2415 uiam

300 2457 420 2530 faciunt,
448 2467 479 2516 et
510 2454 562 2516 ubi
589 2454 682 2514 semel
709 2465 790 2513 recto
818 2454 984 2514 deerratum
1016 2464 1069 2527 est,
1098 2452 1130 2512 in
1157 2472 1298 2531 praeceps
1314 2461 1344 2497 ²⁰

299 2554 478 2633 peruenitur,
500 2573 556 2615 nec
581 2551 738 2631 quisquam
761 2551 817 2612 sibi
841 2562 925 2628 putat
947 2562 1040 2630 turpe,
1067 2553 1149 2628 quod
1173 2550 1222 2611 alii
1243 2551 1298 2611 fuit

299 2657 491 2715 fructuosum.

265 2751 287 2809 4
342 2751 474 2824 Interim,
490 2751 563 2811 dum
584 2750 660 2809 haec
682 2746 713 2807 in
736 2747 822 2807 Italia
841 2758 990 2824 geruntur,
1006 2745 1199 2820 Aristonicus,
1221 2744 1298 2828 [qui]

300 2861 419 2911 mortuo
432 2868 500 2926 rege
514 2849 624 2920 Attalo,
639 2866 658 2906 a
671 2864 732 2922 quo
752 2844 823 2906 Asia
841 2847 954 2922 populo
974 2840 1113 2904 Romano
1135 2844 1299 2908 hereditate

299 2948 401 3009 relicta
423 2957 492 3021 erat,
516 2945 592 3008 sicut
614 2945 715 3005 relicta
737 2955 841 3021 postea
862 2954 908 3004 est
925 2964 944 3003 a
963 2942 1131 3005 Nicomede
1150 2943 1296 3022 Bithynia,
1314 2955 1343 3004 25

300 3046 442 3108 mentitus
463 3045 560 3124 regiae
588 3043 684 3121 stirpis
713 3041 856 3121 originem
880 3041 969 3103 armis
999 3062 1065 3103 eam
1090 3056 1296 3121 occupauerat,

333 3199 520 3265 1Ti.]T.AP
601 3214 618 3246 η
634 3195 788 3260 quiaquia
855 3180 1019 3259 priuatumA
1109 3211 1132 3262 4v
1142 3199 1298 3249 circumdata

298 3267 400 3317 Aldus:
417 3264 611 3340 cumldataAP
709 3262 916 3325 5supe1ioriP:
932 3278 989 3311 -ore
1001 3263 1051 3311 BA
1118 3264 1236 3326 Capitolii
1247 3263 1302 3313 AP

297 3345 387 3432 oseas:
396 3388 537 3445 querentur·
552 3381 578 3430 A
594 3380 604 3446 (
623 3381 647 3444 ')
715 3393 729 3440 7
747 3378 843 3440 optima
850 3336 963 3427 tesresA
978 3377 1031 3443 (sic)
1082 3386 1159 3440 atque
1172 3380 1298 3442 equestris

298 3499 339 3547 P:
355 3454 462 3560 atqueet
482 3495 609 3559 equestris
620 3495 665 3544 A:
682 3502 759 3556 atque
771 3494 848 3542 etiam
860 3509 900 3554 eq.
913 3495 1023 3543 Laurent
1115 3494 1132 3541 8
1149 3495 1297 3556 pernitiosis

298 3564 324 3610 A
392 3560 592 3624 9GracbumA
686 3576 715 3610 11
733 3559 846 3608 subsellii
858 3558 912 3607 ΑΡ
999 3576 1029 3610 12
1046 3561 1114 3610 imm.
1127 3559 1181 3608 ΑΡ
1268 3576 1298 3620 14

299 3632 360 3691 imp.
371 3627 426 3676 ΑΡ
531 3642 560 3689 15
577 3625 702 3676 anteaP
799 3641 829 3686 17
847 3623 947 3673 hautA
1049 3641 1079 3688 19
1096 3627 1296 3694 euagandiflsibi

299 3695 326 3744 A
422 3708 452 3742 21
471 3692 519 3742 sibi
530 3692 620 3752 om.P,
633 3691 678 3740 sed
684 3690 766 3754 Jua'sse
775 3691 801 3738 in
811 3689 967 3738 Murbacensi
975 3695 1079 3739 testatur
1087 3691 1170 3738 Burer
1264 3706 1297 3752 23

299 3761 343 3822 qui
354 3759 412 3822 AP,
427 3757 472 3809 def.
485 3757 604 3817 Gelemtes,
618 3757 731 3806 retinebat
741 3755 872 3818 Bmtleyet
878 3761 937 3819 post
946 3771 1003 3804 eum
1014 3755 1087 3804 Kn'ta
1098 3761 1120 3803 et
1134 3755 1217 3805 Halm
1232 3762 1297 3805 tam-

299 3842 378 3886 quam
390 3825 552 3889 neglegentius
561 3823 679 3887 sm'pfum
766 3837 798 3882 24
815 3821 951 3870 hereditati
962 3820 1020 3884 ΑΡ,
1033 3836 1080 3871 ean.
1093 3821 1178 3870 Aldus
1264 3822 1298 3870 26

301 3898 438 3954 occuparat
449 3889 549 3952 Bentley
