2996 4520
604 453 759 514 VELLEI
780 452 1022 514 PATERCVLI

315 623 442 684 exercitu
457 622 487 682 in
502 621 625 682 hiberna
639 621 769 699 legiones
784 620 907 693 reduxit,
923 621 1028 680 eadem
1044 639 1103 698 qua
1119 618 1215 696 priore
1231 638 1312 678 anno

314 719 502 782 festinatione
516 720 620 779 urbem
634 730 746 796 petens.

247 814 302 873 108
355 817 438 878 Nihil
459 828 520 877 erat
540 816 599 875 iam
620 816 651 876 in
673 815 840 888 Germania,
863 817 945 893 quod
967 813 1047 874 uinci
1068 825 1177 892 posset,
1199 825 1313 890 praeter

314 927 433 993 gentem
462 917 753 985 Marcomannorum,
782 933 859 990 quae
888 913 1078 973 Maroboduo
1109 915 1186 972 duce
1218 911 1313 971 excita

314 1011 435 1072 sedibus
450 1010 510 1071 suis
524 1021 613 1088 atque
627 1009 658 1069 in
673 1009 811 1070 interiora
824 1007 971 1086 refugiens
985 1008 1131 1069 incinctos
1143 1007 1312 1086 Hercyniae
1327 1029 1341 1078 5

250 1117 253 1125 '
288 1108 406 1184 asiluae
427 1127 548 1185 campos
570 1107 726 1167 incolebat.
770 1109 851 1166 nulla
872 1105 1021 1166 festinatio
1043 1105 1130 1166 huius
1153 1105 1208 1164 uiri
1233 1125 1313 1164 men·

313 1205 426 1265 tionem
443 1205 605 1281 transgredi
624 1204 721 1264 debet
766 1204 981 1277 Maroboduus,
997 1222 1104 1280 genere
1117 1201 1235 1274 nobilis,
1251 1221 1312 1262 cor-

313 1323 385 1380 pore
405 1305 587 1380 praeualens,
605 1301 706 1362 animo
727 1303 816 1374 ferox,
835 1301 956 1361 natione
977 1300 1070 1378 magis
1089 1319 1179 1376 quam
1198 1299 1312 1360 ratione

312 1399 462 1473 barbarus,
475 1420 536 1460 non
551 1398 775 1459 tumultuarium
786 1418 884 1475 neque
895 1397 1048 1458 fortuitum
1060 1418 1157 1475 neque
1168 1396 1311 1457 mobilem

217 1489 221 1498 '
255 1489 259 1498 ’
312 1508 342 1556 et
356 1517 391 1556 ex
410 1499 563 1556 uoluntate
582 1495 747 1572 parentium
767 1506 953 1555 constantem
972 1493 1048 1554 inter
1065 1514 1134 1554 suos
1154 1493 1311 1570 occupauit
1328 1521 1359 1555 ιο

312 1593 518 1671 principatum,
529 1595 583 1654 sed
594 1604 706 1653 certum
717 1592 874 1670 imperium
886 1592 1007 1669 uimque
1018 1592 1128 1669 regiam
1139 1594 1310 1668 complexus

311 1690 412 1750 animo
427 1690 527 1751 statuit
546 1700 672 1749 auocata
689 1691 792 1766 procul
811 1709 829 1748 a
848 1689 994 1749 Romanis
1014 1700 1102 1766 gente
1122 1709 1175 1748 sua
1193 1709 1231 1748 eo
1247 1708 1311 1765 pro

311 1787 401 1864 gredi,
414 1787 466 1847 ubi
477 1808 545 1847 cum
556 1799 675 1864 propter
689 1786 856 1864 potentiora
869 1807 950 1846 arma
963 1786 1123 1864 refugisset,
1136 1806 1190 1846 sua
1203 1789 1311 1846 faceret

257 1941 261 1950 .
312 1884 523 1961 potentissima
567 1884 719 1961 occupatis
734 1884 828 1961 igitur,
839 1883 905 1962 quis
919 1883 1126 1961 praediximus,
1138 1883 1211 1944 locis
1225 1883 1311 1943 finiti-

313 2001 378 2040 mos
392 1980 489 2041 omnis
504 1993 554 2040 aut
565 1981 645 2041 bello
656 1981 773 2040 domuit
786 1992 837 2040 aut
852 1981 1079 2041 condicionibus
1094 1980 1163 2041 iuris
1174 1981 1220 2041 sui
1230 1981 1308 2041 fecit.
1328 2004 1357 2054 15

239 2090 298 2147 109
354 2069 470 2154 Corpus
491 2077 536 2136 sui
557 2077 771 2138 incustoditum
791 2086 858 2136 ante
878 2076 990 2155 imperi,
1003 2077 1152 2155 perpetuis
1166 2077 1309 2138 exercitiis

312 2194 407 2251 paene
425 2175 465 2234 ad
483 2176 638 2234 Romanae
657 2173 830 2250 disciplinae
850 2177 976 2235 formam
997 2176 1158 2248 redactum,
1175 2173 1258 2234 breui
1278 2174 1308 2233 in

312 2272 446 2332 eminens
461 2283 490 2332 et
505 2283 606 2332 nostro
620 2292 741 2350 quoque
755 2272 879 2350 imperio
894 2273 1060 2333 timendum
1079 2272 1215 2350 perduxit
1233 2273 1310 2334 fasti·

311 2368 392 2446 gium
411 2369 591 2446 gerebatque
610 2388 641 2428 se
660 2367 701 2428 ita
720 2370 862 2430 aduersus
878 2372 1041 2443 Romanos,
1057 2381 1090 2429 ut
1110 2390 1208 2447 neque
1229 2371 1309 2431 bello

312 2486 367 2526 nos
381 2468 530 2538 lacesseret,
546 2473 575 2524 et
585 2467 614 2524 si
625 2468 822 2540 lacesseretur,
838 2487 991 2544 superesse
1005 2466 1062 2526 sibi
1076 2466 1137 2526 uim
1154 2487 1190 2527 ac
1206 2469 1310 2528 uolun-
1326 2492 1359 2526 20
1399 2491 1403 2500 ·

286 2582 297 2615 2
312 2572 403 2622 tatem
414 2561 569 2623 resistendi
579 2553 748 2623 ostenderet.¹
770 2563 865 2640 legati,
876 2583 952 2641 quos
963 2563 1099 2623 mittebat
1109 2565 1148 2624 ad
1157 2565 1307 2640 Caesares,

343 2736 358 2781 4
376 2718 595 2767 Marcomanorum
606 2718 632 2765 P
680 2719 835 2767 Maraboduo
847 2718 873 2765 A
947 2734 962 2780 5
980 2719 1027 2768 int.
1042 2719 1171 2770 Gelenius:
1188 2721 1308 2770 inferiora

310 2784 364 2832 ΑΡ
476 2784 607 2832 Herciniae
618 2785 692 2832 siluae
704 2783 768 2834 AP:
794 2801 819 2832 -a
836 2801 862 2832 -a
873 2783 993 2832 Heinsius
1107 2801 1121 2846 7
1140 2786 1228 2850 debet]
1241 2788 1268 2846 d3
1279 2787 1306 2834 A

310 2850 414 2910 8preu.
432 2848 458 2895 A
561 2851 751 2910 repetentium
768 2849 834 2898 BA:
858 2857 993 2910 parentum
1008 2849 1034 2898 P
1131 2866 1159 2902 11
1179 2853 1242 2914 copi
1257 2852 1311 2900 AP

312 2930 342 2975 13
359 2921 465 2976 propter
481 2913 549 2976 quod
562 2913 670 2978 Madnlg
684 2915 775 2962 delebat
785 2915 904 2977 probante
924 2915 1044 2977 Woelffla'n
1061 2915 1161 2966 Archia.
1173 2916 1230 2967 Lat.
1247 2917 1308 2968 Lex.

310 2980 326 3028 i.
342 2983 395 3040 163,
410 2988 488 3043 nuper
498 2978 632 3027 uanda'aanit
641 2979 729 3028 Novak
828 2995 858 3041 14
876 2981 933 3042 quis
943 2979 1010 3030 BA:
1038 2996 1102 3042 quos
1112 2981 1153 3028 P:
1177 2983 1236 3043 quis
1247 2999 1305 3032 corr.

310 3061 412 3107 exquos
423 3045 449 3092 A
515 3050 572 3092 ante
581 3046 639 3105 quis
650 3045 677 3093 in
688 3044 714 3091 A
727 3043 832 3092 deletum
843 3050 878 3092 est
889 3046 929 3093 his
1021 3049 1051 3094 16
1067 3047 1101 3094 sic
1110 3049 1216 3096 tuerem':
1233 3063 1307 3096 suum

310 3112 425 3158 custodia
445 3118 497 3157 tum
515 3110 648 3170 imperium
667 3109 735 3158 AP:
760 3111 915 3159 custoditum
935 3109 1031 3173 ‘potius
1047 3111 1191 3174 legendum'
1210 3113 1307 3163 Burer:

310 3176 410 3236 Corpus
424 3176 463 3223 sui
479 3175 596 3223 custodia
611 3182 692 3225 tutum
706 3174 806 3236 imperii
817 3174 952 3224 Heinsius:
970 3177 998 3227 C.
1012 3192 1085 3225 suum
1097 3178 1213 3226 custodia
1228 3180 1308 3226 tuitus

309 3240 425 3304 Sauppe:
445 3241 546 3302 Corpus
561 3241 601 3288 sui
617 3241 770 3290 custoditum
786 3241 877 3301 imperi
888 3242 967 3300 Kn'ta,
980 3258 1010 3289 ea
1020 3243 1093 3290 Floro
1104 3243 1137 3290 iv.
1150 3258 1173 3303 3.
1188 3257 1210 3303 5,
1227 3244 1251 3292 T
1248 3245 1308 3291 aazia

308 3305 376 3354 Hist.
390 3307 405 3354 i.
423 3308 459 3368 16,
474 3304 563 3354 Seneca
579 3305 608 3353 de
621 3306 697 3355 Clam.
709 3306 735 3354 ii.
748 3322 763 3353 2
780 3305 871 3354 adlatis
886 3307 942 3354 loeis
956 3307 1000 3354 ubi
1011 3323 1103 3368 corpus
1115 3307 1215 3368 imperii
1226 3309 1307 3357 eodem

310 3371 383 3418 modo
394 3371 485 3419 dietum
497 3377 549 3418 est:
566 3371 666 3432 Corpus
678 3387 752 3420 suum
768 3373 966 3420 custodientium
977 3373 1109 3434 imperium
1122 3372 1305 3437 Maduigprob.

308 3435 391 3484 Halm
498 3451 528 3496 19
545 3438 701 3498 gerebatque
712 3436 747 3493 A,
766 3437 838 3484 rebat
850 3437 953 3485 deletum
965 3443 1000 3485 est
1009 3439 1034 3486 in
1045 3437 1072 3484 A
1085 3443 1141 3486 ante
1152 3441 1307 3501 gerebatque

308 3515 341 3548 ao
357 3501 504 3560 lacesseret,
516 3508 542 3549 at
554 3503 575 3549 si
590 3503 711 3564 suppleuit
725 3501 865 3550 Rhenanus
962 3518 993 3551 ar
1011 3505 1159 3552 ostenderet
1171 3505 1228 3554 add.
1240 3504 1307 3552 Bur-

310 3581 403 3616 mann:
422 3567 586 3624 ‘declararet,
601 3569 639 3615 uel
654 3567 733 3615 simile
746 3568 873 3629 quippiam
888 3568 926 3615 hic
940 3568 1017 3616 deesse
1027 3569 1130 3618 uidetur.
1159 3586 1222 3618 nam
1233 3571 1271 3618 hs'c
1280 3572 1307 3618 in

308 3632 441 3693 exemplam·
449 3633 593 3681 latrinulam
602 3633 707 3686 omissae
714 3632 822 3680 Munis
829 3631 990 3695 ‹fiendsmus’
1001 3633 1140 3682 Rhenanus
1151 3652 1157 3682 t
1183 3642 1210 3683 ut
1222 3652 1307 3696 neque

310 3697 377 3744 bello
393 3712 440 3745 nos
460 3698 598 3746 lacesseret
616 3704 642 3746 et
659 3713 796 3758 superesse
813 3698 860 3746 sibi
877 3700 928 3746 uim
946 3715 975 3747 ac
992 3699 1150 3748 uoluntatem
1169 3701 1306 3750 resistendi

309 3763 457 3811 ostenderet
471 3762 546 3810 Kn'ta
556 3778 586 3810 ex
595 3763 655 3810 coni.
667 3763 832 3823 Rosenheynii
895 3764 996 3828 legatos
1004 3766 1077 3827 pnns
1087 3764 1113 3811 A
1181 3767 1306 3816 Caesares

308 3827 334 3876 P
342 3835 364 3875 et
374 3843 431 3877 wer.
445 3827 488 3878 A:
507 3829 642 3876 Caesarem
654 3828 679 3875 A
694 3844 728 3878 m.
737 3836 777 3891 pn

784 3962 829 4011 118
