3024 4568
526 427 870 488 COMMENTARIVS
892 427 1090 489 CRITICVS

339 612 379 665 45
393 592 408 664 3'
428 613 490 650 sera
504 598 554 651 Cn.
570 598 684 667 Pompei
698 616 764 652 cura
777 615 873 652 uerum
885 607 912 652 et
927 598 1002 668 cupit
1015 597 1126 652 interita
1137 598 1202 651 ΑΡ.

340 683 418 736 Nihil
438 683 578 753 pulchrius
596 684 623 738 in
643 685 820 739 emendando
832 684 939 739 Velleio
955 686 1059 739 sactum
1077 694 1120 739 est
1139 701 1222 754 quam
1236 701 1304 754 quo·

303 769 387 823 modo
408 770 455 824 illa
474 776 501 824 et
521 774 598 840 cupit
617 773 735 825 inten'ta
757 772 784 825 in
805 777 838 825 ul
856 775 943 841 coepit
960 775 1069 825 intenta
1089 782 1211 826 correcta
1231 782 1304 838 sunt,

303 873 394 926 neque
414 874 470 911 uno
489 867 583 913 tamen
603 869 729 928 ternpore
748 869 822 914 totus
843 877 920 914 error
937 859 1072 926 sublatus,
1092 859 1142 912 sed
1163 865 1196 912 ul
1217 861 1305 929 coepti

238 969 240 972 ·
302 953 344 996 est
364 943 392 996 in
412 944 533 1000 editione
551 945 704 1000 Geleniana
722 945 788 1000 anni
810 947 896 1015 15463
914 949 1023 999 talenta
1042 963 1099 1000 non
1117 956 1220 1000 antea.
1235 960 1302 1014 1737

302 1031 491 1100 Wopkensius
504 1033 609 1086 inuenit
624 1033 752 1099 (Aduers.
766 1033 783 1089 i.
797 1051 822 1103 p.
838 1035 880 1099 81,
894 1035 938 1088 ed.
954 1035 1112 1098 Frotscher‚
1128 1034 1176 1100 183
1180 1031 1216 1102 5).

336 1133 403 1186 472
423 1119 543 1188 septimo
563 1121 649 1174 ferme
670 1138 744 1174 anno
766 1122 872 1175 Caesar
895 1122 1056 1175 morabatur
1080 1120 1108 1173 in
1129 1121 1219 1174 Gallis
1239 1137 1302 1174 cum

301 1205 425 1259 medium
439 1206 494 1261 iarn
511 1225 545 1261 ex
562 1207 667 1262 inuidia
685 1208 767 1262 Ponti
787 1219 814 1262 et
835 1208 969 1262 Camiliae
989 1207 1143 1262 coherentis
1161 1209 1233 1262 inter
1251 1209 1302 1262 Cn.

302 1293 467 1361 Pompeium
480 1304 507 1348 et
521 1296 551 1349 C.
567 1296 716 1349 Caesarem
732 1295 899 1350 concordiae
916 1295 1017 1365 pignus
1033 1295 1103 1348 Iulia
1120 1291 1189 1348 uxor
1203 1294 1301 1363 Magni

299 1379 432 1434 decessit.
445 1381 484 1434 A.

337 1468 435 1521 Galliis
445 1470 481 1521 P.
554 1470 681 1525 Pontiae
695 1470 829 1524 Camiliae
841 1471 882 1525 P:
904 1470 1019 1524 Pontiae
1033 1469 1169 1524 Camillae
1176 1471 1279 1523 Burer.

335 1556 429 1608 Vnum
442 1557 533 1610 habeo
544 1559 618 1626 quod
626 1558 672 1611 hic
681 1559 806 1612 adferam
819 1558 891 1622 noui,
904 1567 932 1611 ut
947 1560 1082 1613 Camiliae
1092 1557 1150 1612 siue
1166 1559 1302 1611 Camillae

299 1653 459 1713 corruptum
481 1645 635 1700 existimem
659 1664 693 1700 ex
716 1664 779 1700 cum
803 1647 856 1700 illa
876 1645 949 1698 male
970 1646 1015 1699 uel
1038 1662 1101 1698 cum
1123 1645 1176 1698 illa
1200 1661 1300 1714 aegre:

298 1729 344 1783 uix
362 1731 438 1784 enim
463 1731 613 1786 dubitarim
639 1732 734 1802 Lipsio
759 1732 892 1786 adsentiri
907 1734 1051 1802 potentiae
1075 1749 1109 1785 ex
1133 1731 1301 1800 compendio

298 1835 354 1871 non
364 1818 504 1873 intellecto
511 1820 614 1874 factum
622 1837 684 1874 esse
687 1823 812 1891 pontiae.
825 1820 920 1874 Verba
931 1819 970 1873 sic
978 1818 1077 1872 ordino
1089 1835 1096 1872 z
1109 1820 1188 1872 Iulia
1190 1821 1302 1888 pignus

297 1895 458 1960 concordiae
470 1924 506 1959 ex
518 1910 658 1976 polentiae
676 1909 789 1961 inuidia
801 1925 884 1978 aegre
895 1925 957 1960 cum
975 1908 1026 1960 illa
1041 1904 1190 1976 (palentia)
1204 1906 1300 1958 coliae·

298 1995 394 2059 reniti,
410 1995 434 2047 h.
445 2011 468 2046 e.
482 1993 583 2063 pignus
602 1994 768 2050 concordiae
788 2011 860 2064 quae
879 2012 912 2048 ex
930 1993 1071 2063 potentiae
1090 1991 1197 2047 inuidia
1216 2009 1299 2061 aegre

297 2097 361 2133 cum
374 2080 421 2134 illa
434 2081 609 2137 cohaerebat.

333 2171 372 2236 48
388 2181 403 2234 3
425 2168 516 2222 Huius
531 2168 572 2236 (C.
589 2169 728 2238 Curionis)
743 2170 837 2224 animo
851 2168 1062 2239 †uoluptatibus
1079 2169 1124 2222 uel
1136 2165 1298 2220 libidinibus

296 2271 388 2324 neque
401 2271 469 2323 opes
482 2255 553 2310 ullae
565 2273 657 2326 neque
671 2257 836 2326 cupiditates
850 2257 1114 2325 sufficere'possent.
1127 2256 1155 2309 A
1159 2256 1191 2308 P.

332 2342 485 2411 Scripsitne
498 2344 659 2398 Paterculus
671 2345 758 2397 leuius
775 2347 870 2397 anima
883 2344 1073 2397 uolulobundo
1085 2346 1115 2395 in
1128 2341 1299 2408 libidinibus,

295 2445 368 2499 quae
392 2429 479 2483 uerba
499 2428 539 2484 sic
560 2430 700 2485 coniunxit
725 2434 764 2484 M.
784 2431 892 2485 Tullius
913 2431 948 2484 de
971 2433 1041 2500 Rep.
1062 2429 1088 2483 ii.
1110 2439 1181 2483 teste
1203 2428 1299 2481 Nonio

295 2533 322 2585 p.
335 2517 408 2583 491?
437 2517 498 2570 iam
512 2516 647 2571 Heinsius
661 2518 824 2572 emendarat
837 2519 988 2571 uolutanti.
1027 2518 1110 2571 Certe
1123 2515 1298 2585 sicexplica·

294 2613 339 2657 tur
351 2604 401 2657 bus
410 2604 485 2673 quod
494 2615 536 2658 est
550 2605 579 2658 in
589 2606 664 2671 AP3
685 2605 724 2659 sic
736 2605 820 2658 etiam
832 2605 884 2658 uel.
912 2606 988 2658 Nam
999 2605 1052 2670 uel,
1063 2607 1093 2657 in
1104 2612 1298 2673 permutantur

294 2689 323 2743 in
343 2691 564 2746 Commonitorio
579 2693 654 2762 quod
671 2693 708 2746 ab
729 2691 855 2746 Orientio
875 2692 1008 2761 scripturn
1027 2690 1103 2744 edidi
1123 2691 1151 2743 in
1174 2692 1298 2759 Corpore

295 2777 395 2846 Script.
416 2780 523 2835 Eccles.
544 2779 635 2832 Latin.
648 2778 859 2832 Vindobonensi
879 2777 932 2831 xvi.
971 2778 1013 2831 lbi
1033 2777 1079 2848 qui
1099 2794 1196 2831 uersus
1214 2777 1231 2830 i.
1245 2777 1297 2844 383

301 2865 442 2918 lsz’ndiclae
457 2867 551 2919 studia
567 2872 641 2919 totas
662 2869 692 2919 in
712 2867 781 2920 bella
800 2865 902 2918 dedzttz·
918 2864 957 2918 sic
976 2864 1068 2918 editur
1085 2881 1119 2917 ex
1130 2863 1298 2918 Ashburna·

294 2952 391 3017 mensi,
403 2952 431 3004 in
440 2952 582 3007 Delrionis
593 2953 689 3007 codice
701 2970 776 3007 nunc
789 2951 934 3021 deperdito
947 2950 1064 3021 scriptus
1077 2959 1120 3004 est
1135 2951 1193 3004 V.s.
1207 2955 1227 3004 l.
1240 2950 1299 3002 uel

293 3039 316 3091 b.
338 3040 374 3106 cl,
397 3027 471 3093 u'nde
491 3040 645 3109 suspicatus
666 3057 726 3094 sum
746 3039 831 3093 etiam
857 3038 958 3092 Catulli
978 3038 1044 3092 illud
1064 3037 1193 3092 uitiatum
1218 3037 1253 3089 lv.
1278 3051 1296 3104 9

293 3126 321 3178 A
343 3127 415 3178 uelle
434 3126 627 3194 corrigendum
645 3145 708 3181 esse
727 3125 755 3180 in
775 3128 837 3180 Ain
855 3132 897 3192 te3
918 3126 994 3195 quod
1013 3125 1096 3179 uideo
1116 3123 1297 3178 Fredericutn

294 3213 397 3266 Plessis
410 3213 556 3282 recepisse.

329 3300 462 3354 Notabile
473 3301 631 3370 exemplum
651 3300 861 3355 coniunctamm
874 3317 975 3354 uocum
992 3299 1125 3363 libidinis,
1139 3298 1298 3368 uoluptatis

292 3397 367 3441 extat
376 3387 403 3439 in
416 3386 559 3441 Ciceronis
571 3391 667 3442 Somn.
682 3388 756 3456 Scip.
771 3388 805 3441 ix.
819 3389 852 3441 28
865 3388 992 3457 impulsu
1004 3386 1154 3439 libidinum
1165 3386 1296 3452 uolupta-

292 3475 367 3527 tibus
390 3474 606 3529 oboedientium:
636 3476 711 3545 quod
733 3486 829 3528 tamen
853 3474 922 3528 nihil
947 3473 1033 3526 habet
1054 3473 1131 3543 quod
1151 3473 1188 3526 ad
1206 3470 1295 3525 Vellei

292 3562 386 3614 locum
398 3561 543 3629 pertineat.

328 3650 394 3716 435
420 3648 457 3701 ad
481 3648 608 3702 ultimum
633 3648 830 3702 saluberrimas
855 3657 883 3701 et
908 3646 1090 3702 coalescentis
1118 3645 1296 3700 condiciones

291 3734 369 3804 pacis
389 3774 417 3789 ..
431 3775 437 3788 .
457 3735 586 3790 discussit
599 3753 632 3790 ac
646 3735 718 3805 rupit
732 3734 848 3805 (Curio).
862 3736 926 3789 ΑΡ.

328 3823 460 3876 Fortasse
478 3825 563 3876 etiam
579 3823 753 3877 coalescentis
770 3822 949 3876 scribendum
967 3830 1035 3888 erat,
1050 3820 1078 3874 h.
1088 3838 1112 3875 e.
1126 3819 1295 3874 etiamnum:

771 3921 819 3970 160
