2996 4520
606 389 762 448 varim
784 349 1024 448 Pnruncv'm

296 629 298 635 Ι
322 534 410 630 saepe
424 552 636 630 eruptionibus,
652 551 698 612 bis
712 561 864 629 penetrata
883 548 1043 622 Britannia,
1059 569 1170 611 nouem
1185 547 1319 627 denique

320 649 481 710 aestatibus
509 649 558 710 uix
585 651 645 709 ulla
672 669 733 708 non
763 645 939 708 iustissimus
970 646 1136 723 triumphus
1168 647 1314 707 emeritus.

321 745 398 805 circa
420 747 551 807 Alesiam
576 766 647 806 uero
672 757 771 805 tantae
792 765 838 804 res
858 755 966 821 gestae,
989 755 1114 820 quantas
1138 745 1247 804 audere
1267 744 1317 803 uix

293 844 459 918 :hominis
481 847 622 922 perficere
640 864 735 921 paene
754 844 863 904 nullius
883 842 939 904 nisi
958 843 1007 903 dei
1025 843 1119 903 fuerit.
1163 842 1317 920 tseptimo

320 943 413 1002 ferme
431 961 511 1003 anno
530 945 639 1005 Caesar
658 943 827 1002 morabatur
843 942 874 1002 in
892 941 1003 1015 Galliis,
1019 961 1089 1002 cum
1108 941 1240 1002 medium
1257 941 1317 1001 iam
1335 964 1354 1012 5

321 1060 357 1100 ex
381 1040 493 1100 inuidia
515 1039 665 1118 potentiae
688 1059 757 1099 cum
782 1038 831 1099 illa
851 1059 937 1116 aegre
958 1038 1142 1098 cohaerentis
1163 1038 1239 1098 inter
1259 1040 1315 1099 Cn.

322 1138 499 1216 Pompeium
521 1150 551 1199 et
573 1141 607 1200 C.
632 1141 789 1201 Caesarem
811 1137 988 1199 concordiae
1009 1137 1116 1214 pignus
1138 1137 1222 1210 Iulia,
1244 1157 1318 1197 uxor

322 1235 434 1312 Magni,
460 1235 604 1296 decessit:
635 1247 725 1312 atque
747 1235 848 1295 omnia
872 1235 947 1295 inter
968 1234 1131 1296 destinatos
1154 1246 1237 1295 tanto
1261 1235 1319 1295 dis·

321 1332 437 1392 crimini
447 1335 539 1393 duces
550 1332 707 1393 dirimente
717 1334 835 1392 fortuna
845 1332 922 1392 filius
933 1351 1054 1409 quoque
1064 1351 1172 1408 paruus
1183 1331 1316 1409 Pompei,

293 1429 398 1502 3Iulia
426 1441 521 1502 natuS,
549 1429 626 1489 intra
653 1430 744 1489 breue
771 1429 899 1506 spatium
927 1428 1008 1489 obiit.
1062 1421 1126 1488 tum
1150 1428 1181 1488 in
1203 1428 1318 1505 gladios
1335 1451 1373 1486 ιο

321 1527 480 1605 caedisque
499 1527 609 1588 ciuium
624 1530 739 1587 furente
754 1527 877 1600 ambitu,
893 1527 976 1588 cuius
996 1547 1094 1604 neque
1112 1527 1179 1587 finis
1196 1527 1319 1603 reperie

321 1627 407 1687 batur
421 1646 477 1686 nec
491 1627 607 1699 modus,
623 1625 724 1686 tertius
739 1627 909 1686 consulatus
924 1625 979 1686 soli
994 1628 1049 1687 Cn.
1066 1626 1211 1703 Pompeio
1228 1625 1318 1686 etiam

320 1723 541 1784 aduersantium
560 1735 648 1784 antea
667 1721 802 1800 dignitati
821 1723 884 1782 eius
903 1721 1014 1782 iudicio
1031 1724 1146 1783 delatus
1165 1734 1217 1795 est,
1233 1722 1317 1782 cuius

320 1820 369 1880 ille
383 1820 505 1880 honoris
518 1819 611 1897 gloria
620 1822 703 1880 uelut
713 1819 908 1880 reconciliatis
920 1819 977 1880 sibi
987 1819 1179 1896 optimatibus
1190 1820 1318 1880 maxime

320 1937 338 1976 a
352 1918 386 1978 C.
404 1917 531 1978 Caesare
545 1916 690 1976 alienatus
704 1926 767 1990 est;
787 1917 841 1975 sed
855 1916 918 1976 eius
935 1919 1105 1976 consulatus
1120 1937 1241 1977 omnem
1254 1919 1317 1977 uim
1335 1939 1364 1989 15

290 2035 307 2080 4
320 2012 352 2071 in
371 2013 581 2073 codrcitionem
598 2013 727 2072 ambitus
742 2013 877 2073 exercuit.
921 2033 982 2090 quo
996 2024 1130 2091 tempore
1144 2017 1175 2074 P.
1193 2015 1317 2077 Clodius

319 2128 339 2168 a
357 2109 472 2169 Milone
492 2109 652 2169 candidato
672 2111 842 2169 consulatus
861 2113 998 2187 exemplo
1017 2110 1158 2170 inutiliter
1176 2114 1255 2172 facto
1270 2115 1321 2172 sed

321 2207 439 2267 salutari
467 2207 508 2267 rei
535 2207 672 2284 publicae
697 2207 775 2267 circa
800 2208 930 2269 Bouillas
955 2219 1106 2268 contracta
1133 2229 1169 2270 ex
1192 2230 1316 2270 occursu

320 2306 382 2364 rixa
395 2305 542 2383 iugulatus
561 2317 612 2365 est.
656 2305 804 2366 Milonem
821 2327 905 2366 reum
924 2326 985 2367 non
1005 2306 1098 2384 magis
1117 2307 1230 2368 inuidia
1248 2308 1317 2368 facti

293 2420 412 2478 5quam
433 2402 558 2479 Pompei
577 2403 730 2463 damnauit
751 2407 889 2463 uoluntas
900 2426 908 2478 ;
929 2423 1019 2480 quem
1038 2404 1160 2481 quidem
1181 2408 1223 2464 M.
1241 2407 1317 2467 Cato
1333 2427 1364 2464 ιο

320 2500 418 2574 palam
436 2501 495 2559 lata
513 2500 641 2560 absoluit
660 2501 822 2561 sententia:
845 2500 896 2578 qui
913 2500 938 2561 si
956 2501 1098 2561 maturius
1118 2502 1239 2575 tulisset,
1256 2523 1316 2562 non

320 2596 483 2656 defuissent
508 2597 562 2674 uui
589 2609 780 2675 sequerentur
806 2599 976 2674 exemplum
1003 2598 1222 2675 probarentque
1249 2619 1317 2659 eum

320 2694 418 2754 ciuem
437 2695 657 2772 occisumque
678 2716 768 2756 nemo
789 2695 980 2773 perniciosior
1000 2695 1042 2756 rei
1062 2695 1199 2773 publicae
1220 2717 1317 2775 neque

321 2792 407 2852 bonis
422 2792 568 2853 inimicior
582 2793 699 2853 uixerat.

265 2893 307 2968 48
362 2892 444 2949 Intra
458 2891 548 2950 breue
571 2890 680 2951 deinde
699 2890 826 2968 spatium
846 2890 915 2950 belli
935 2890 1029 2950 ciuilis
1043 2903 1211 2952 exarserunt
1225 2891 1315 2966 initia,
1332 2915 1362 2966 ²⁵

321 3005 390 3045 cum
404 2986 581 3047 iustissimus
595 2987 721 3065 quisque
740 2999 806 3048 eta
828 2988 955 3049 Caesare
977 2999 1043 3048 eta
1065 2989 1209 3066 Pompeio
1228 2991 1318 3050 uellet

353 3157 368 3202 3
387 3150 475 3203 gestae
486 3141 512 3188 A
525 3159 531 3190 :
548 3140 638 3204 om.P‚
651 3141 695 3190 sed
696 3142 778 3203 fuisse
788 3142 814 3189 in
826 3141 983 3190 Muebacensi
992 3147 1096 3190 testatur
1104 3142 1187 3190 Burer
1266 3161 1281 3204 4
1292 3143 1317 3189 id

320 3222 374 3282 del,
388 3224 441 3272 dein
452 3231 571 3286 suprascr.
582 3215 612 3272 n‘i
615 3223 641 3269 A
697 3223 939 3272 denomfuemA
952 3225 1004 3288 (sic)
1061 3226 1171 3286 septimo
1185 3225 1238 3288 (sic)
1250 3224 1316 3274 AP:

320 3297 411 3350 quarto
428 3290 546 3351 Lanuui,
561 3294 701 3350 conuptum
713 3304 792 3336 vireu
805 3303 845 3336 1111
865 3294 934 3336 ratus
1030 3303 1045 3350 5
1063 3289 1145 3338 Gallis
1159 3288 1184 3335 A
1251 3292 1268 3337 6
1285 3306 1317 3338 ex

321 3354 418 3402 inuidia
428 3355 503 3402 Ponti
515 3361 540 3403 et
553 3353 677 3402 Camiliae
686 3353 727 3418 (ac
736 3355 765 3403 C.
773 3353 808 3416 P)
822 3354 969 3403 coherentis
980 3355 1090 3416 (cohaer.
1100 3355 1135 3418 P)
1148 3353 1216 3403 AP:
1228 3363 1317 3417 poten·

320 3419 372 3468 tiae
389 3421 454 3468 male
472 3421 572 3468 cohaer.
585 3419 685 3481 Lipsius
762 3435 818 3467 cum
837 3420 880 3468 illa
898 3435 976 3481 aegre
993 3422 1079 3484 sen'psi
1192 3434 1221 3481 14
1238 3422 1317 3469 ueluti

319 3483 347 3530 P
469 3487 500 3532 16
516 3486 699 3534 coercitionem
717 3485 757 3532 B:
774 3485 931 3533 coertionem
948 3484 1013 3534 AP:
1041 3486 1196 3534 coercitione
1215 3486 1318 3534 Cludius

321 3550 437 3597 exercuit
453 3549 508 3596 ΑΡ
639 3564 667 3611 17
686 3550 806 3611 exemplo
833 3551 957 3599 inutiliter
976 3550 1042 3601 sacto
1054 3551 1158 3600 salutari
1175 3550 1234 3610 ΑΡ,
1254 3551 1321 3613 quod

320 3615 398 3661 tuitus
414 3620 449 3661 est
467 3615 495 3664 G.
510 3614 546 3664 A.
558 3614 644 3664 Koch:
661 3632 701 3665 ex.
718 3615 808 3678 inutili,
828 3616 895 3664 sacto
912 3616 958 3666 sal.
973 3615 1097 3667 Gelenius:
1117 3632 1157 3665 ex.
1173 3616 1255 3663 inutili
1271 3618 1317 3665 sed

321 3679 388 3728 sacto
400 3681 444 3730 sal.
461 3680 581 3729 Vrsinus:
599 3697 639 3728 ex.
651 3681 745 3742 inutili,
758 3688 871 3729 ceterum
887 3682 902 3730 s.
920 3682 1024 3730 salutari
1035 3680 1170 3729 Heinsius:
1189 3697 1230 3730 ex.
1242 3682 1317 3730 inuti-

320 3745 386 3807 liter,
400 3745 468 3794 facto
474 3747 625 3856 ‘sialutariter
636 3746 719 3794 Halm
815 3761 846 3808 19
862 3763 933 3796 raum
945 3750 1019 3810 legere
1030 3747 1094 3795 milii
1104 3747 1173 3794 uisus
1183 3762 1241 3794 sum
1252 3748 1278 3795 in
1290 3745 1315 3792 A

320 3826 352 3872 23
369 3812 461 3873 pernit.

806 3888 837 3938 66
