2996 4520
624 447 753 508 LIBER
776 448 809 507 11

206 634 318 674 annum
337 612 526 687 tricesimum,
543 611 646 690 rapuit
689 614 784 672 moles
798 610 908 672 deinde
923 609 1010 692 [eius]
1026 609 1097 671 belli
1115 621 1234 687 trans-4

206 715 265 773 lata
291 713 322 772 in
348 716 499 774 Neronem
527 723 589 772 est:
621 714 703 789 quod
728 711 752 771 is
777 729 830 771 sua
853 722 883 770 et
907 709 1014 770 uirtute
1037 721 1066 770 et
1088 712 1206 770 fortuna

206 810 423 871 administrauit
440 822 670 888 peragratusque
690 809 785 870 uictor
804 807 901 868 omnis
920 808 1010 885 partis
1028 806 1205 868 Germaniae

206 907 270 968 sine
294 911 355 969 ullo
380 907 558 970 detrimento
582 906 734 968 commissi
761 906 912 979 exercitus,
939 907 1021 983 quod
1048 904 1206 982 praecipue

178 1022 193 1071 5
206 1005 276 1066 huie
290 1006 360 1067 duci
374 1026 491 1083 semper
501 1025 589 1065 curae
599 1004 662 1077 fuit,
672 1004 714 1065 sic
724 1003 893 1082 perdomuit
904 1023 979 1077 eam,
992 1015 1024 1063 ut
1038 1002 1068 1062 in
1079 1005 1206 1063 formam

206 1125 302 1183 paene
330 1104 538 1182 stipendiariae
565 1103 710 1181 redigeret
736 1102 915 1180 prouinciae.
969 1113 1033 1162 tum
1060 1105 1133 1163 alter
1160 1101 1207 1161 tri-

207 1205 337 1280 umphus
351 1224 421 1263 cum
435 1205 527 1262 altero
542 1204 698 1262 consulatu
712 1200 740 1260 ei
755 1201 872 1260 oblatus
886 1211 938 1259 est.

250 1304 332 1360 Dum
357 1320 400 1374 ea,
424 1320 501 1377 quae
525 1299 661 1372 diximus,
685 1297 715 1357 in
741 1296 896 1358 Pannonia
919 1296 1138 1374 Germaniaque
1161 1316 1208 1373 ge
1222 1294 1264 1369 98

209 1409 320 1469 runtur,
335 1408 418 1457 atrox
431 1396 462 1456 in
477 1396 605 1456 Thracia
618 1396 730 1456 bellurn
749 1406 855 1468 ortum,
871 1393 1011 1454 omnibus
1031 1393 1094 1453 eius
1112 1393 1208 1471 gentis
1285 1464 1288 1470 ¹

80 1544 86 1551 .
167 1519 196 1553 10
209 1494 380 1554 nationibus
405 1495 435 1554 in
460 1516 541 1555 arma
564 1494 705 1568 accensis,
733 1496 765 1552 L.
791 1492 915 1566 Pisonis,
940 1513 1030 1570 quem
1058 1492 1209 1569 hodieque

209 1593 467 1672 diligentissimum
486 1605 577 1672 atque
595 1595 725 1653 eundem
742 1592 926 1653 lenissimum
946 1591 1108 1652 securitatis
1125 1592 1209 1652 urba-

209 1712 266 1752 nae
287 1694 442 1752 custodem
463 1693 617 1766 habemus,
641 1691 733 1752 uirtus
754 1691 928 1768 compressit
951 1690 1075 1770 (quippe
1096 1693 1235 1768 legatusa

210 1790 344 1852 Caesaris
369 1790 496 1851 triennio
524 1811 593 1850 cum
621 1789 666 1850 his
689 1789 810 1850 bellauit
834 1789 990 1868 gentisque
1013 1789 1209 1850 ferocissimas

209 1886 337 1964 plurimo
348 1908 417 1947 cum
431 1907 532 1948 earum
547 1886 662 1947 excidio
673 1907 754 1946 nunc
767 1886 839 1960 acie,
852 1908 932 1947 nunc
943 1886 1210 1965 expugnationibus

165 2004 195 2054 15
209 1985 240 2045 in
254 1985 411 2062 pristinum
425 1984 506 2062 pacis
520 1984 633 2062 rede'git
647 1983 793 2063 modum),
806 1983 929 2061 eiusque
943 1983 1107 2060 patratione
1121 1984 1211 2044 Asiae

210 2083 406 2157 securitatem,
424 2083 622 2144 Macedoniae
636 2102 742 2160 pacem
757 2082 894 2142 reddidit.
938 2085 976 2143 de
991 2103 1051 2160 quo
1071 2083 1135 2143 uiro
1152 2085 1239 2149 hoca

210 2181 350 2242 omnibus
365 2181 554 2242 sentiendum
571 2202 606 2242 ac
625 2180 858 2259 praedicandum
878 2192 930 2256 est,
946 2203 1011 2243 esse
1030 2202 1127 2243 mores
1147 2182 1209 2242 eius

209 2279 311 2358 uigore
338 2301 374 2340 ac
398 2280 519 2340 lenitate
543 2279 734 2340 mixtissimos
759 2291 788 2340 et
813 2279 863 2340 uix
885 2301 1066 2358 quemquam
1091 2280 1210 2358 reperiri

210 2397 307 2454 posse,
332 2377 383 2454 qui
410 2389 462 2438 aut
486 2377 580 2438 otium
605 2377 732 2437 ualidius
754 2376 855 2455 diligat
879 2389 930 2437 aut
951 2377 1065 2438 facilius
1087 2377 1211 2439 sufficiat

167 2496 198 2531 20
211 2475 332 2552 negotio
353 2487 382 2536 et
400 2475 492 2553 magis
507 2497 584 2554 quae
602 2478 719 2554 agenda
737 2487 807 2536 sunt
826 2488 908 2536 curet
927 2476 991 2536 sine
1008 2479 1068 2537 ulla
1085 2488 1212 2538 ostenta·

208 2572 290 2633 tione
304 2573 419 2651 agendi.
866 2559 869 2568 ’

252 2676 341 2736 Breui
372 2676 526 2737 interiecto
559 2675 655 2754 spatio
683 2675 728 2735 Ti.
754 2678 835 2736 Nero
863 2677 982 2737 duobus
1007 2676 1209 2738 consulatibus
1226 2692 1271 2749 99

211 2773 397 2852 totidemque
411 2775 567 2853 triumphis
581 2777 654 2837 actis
665 2777 839 2839 tribuniciae
853 2779 1006 2856 potestatis
1021 2779 1211 2841 consortione

211 2884 354 2950 aequatus
369 2877 514 2951 Augusto,
530 2874 640 2935 ciuium
657 2889 726 2954 post
744 2898 846 2950 unum,
863 2889 892 2937 et
911 2880 977 2952 hoc,
994 2878 1063 2955 quia
1082 2879 1210 2952 uolebat,

168 2988 198 3038 25
213 2969 473 3045 eminentissimuS,
503 2975 614 3034 ducum
647 2975 800 3048 maximus,
829 2978 909 3035 fama
935 2979 1112 3055 fortunaque
1140 2980 1213 3038 cele-

212 3068 356 3130 berrimus
371 3081 400 3130 et
414 3090 484 3130 uere
497 3073 622 3131 alterum
641 3071 683 3132 rei
701 3072 838 3149 publicae
857 3075 958 3133 lumen
975 3085 1005 3133 et
1027 3086 1124 3151 eaput,
1141 3073 1214 3135 mira
1229 3097 1240 3130 2

214 3167 343 3244 quadam
358 3178 388 3226 et
402 3166 568 3228 incredibili
581 3181 672 3247 atque
686 3169 873 3230 inenarrabili
884 3170 1001 3247 pietate,
1012 3172 1096 3231 cuius
1107 3192 1214 3232 causae

215 3284 285 3324 mox
305 3266 440 3325 detectae
460 3277 537 3340 sunt,
557 3288 626 3327 cum
648 3270 684 3330 C:
699 3270 808 3329 Caesar
825 3269 998 3346 sumpsisset
1019 3269 1078 3329 iarn
1099 3270 1214 3330 uirilem

215 3374 323 3440 togam,
348 3363 458 3424 Lucius
483 3363 554 3425 item
579 3377 710 3426 maturus
735 3378 813 3428 esset
835 3367 940 3441 †uiris,
965 3389 1002 3428 ne
1024 3371 1120 3446 fulgor
1144 3390 1215 3429 suus

264 3507 310 3549 eius

249 3575 260 3606 1
313 3560 373 3608 belli
387 3560 440 3623 (sic)
453 3561 479 3608 A
492 3579 498 3609 ε
508 3561 617 3622 sortasoe
628 3565 684 3612 eius
696 3565 858 3612 omittendum
870 3571 922 3612 erat
1018 3582 1034 3627 3
1051 3575 1216 3629 peruagatus·

214 3641 264 3686 que
273 3625 398 3673 Ruhnken
465 3628 670 3689 omnispartisA
730 3630 868 3691 6peneA
920 3633 1058 3691 regeretA
1117 3635 1216 3696 8quae

214 3691 426 3752 praediximusP
491 3708 521 3740 10
539 3693 676 3741 LuciiAP
742 3711 771 3756 13
789 3697 828 3744 his
839 3695 906 3744 AP:
924 3696 955 3745 iis
966 3698 1048 3747 Halm
1115 3709 1215 3758 gentes·

214 3771 265 3816 que
276 3757 330 3804 ΑΡ
392 3760 422 3805 18
435 3758 519 3818 rigore
535 3758 639 3807 Vrsinus
700 3761 907 3810 22Ti.P:T.A
961 3778 994 3824 29
1007 3763 1112 3814 Luciusl
1124 3766 1151 3814 L.
1164 3764 1219 3812 ΑΡ

216 3823 278 3870 uiris
289 3822 357 3870 AP:
375 3824 471 3872 ueritus
487 3825 641 3872 Vascosanus
651 3843 657 3873 ε
669 3827 767 3874 uiribus
779 3827 914 3889 Bpontina
930 3828 964 3877 ed.
976 3846 981 3877 :
999 3831 1067 3877 curis
1080 3829 1216 3878 Haustus:

216 3887 270 3948 uir;
283 3889 304 3935 is
312 3889 424 3936 Laurent
432 3890 552 3950 :sortasse
559 3891 652 3940 Lucius
660 3891 744 3940 eidem
753 3900 868 3941 maturus
875 3900 951 3956 esset,
961 3895 1002 3942 uir
1009 3895 1031 3943 is
1040 3895 1080 3960 (sc.
1088 3895 1216 3955 Tiberius)

683 3982 730 4036 109
