3010 4520
645 437 969 498 PROLEGOMENA

301 606 341 664 ad
362 625 394 664 se
415 604 539 665 missurn
560 624 579 663 a
600 603 762 664 monachis.
808 603 978 663 Murbachii
1000 614 1079 663 certe
1106 622 1167 662 non
1190 622 1309 679 semper

304 713 399 770 codex
420 710 626 770 detinebatur:
649 711 814 769 Rhenanus
836 709 916 769 enim
936 730 1005 769 eum
1020 709 1167 769 Basileam
1189 708 1306 769 mitten·

305 818 378 876 dum
393 827 546 876 curauerat
560 836 597 876 eo
618 836 698 876 anno
717 835 778 892 quo
795 815 959 892 principem
979 815 1141 876 editionem
1157 815 1305 892 imprime-

303 923 362 982 bat.
407 921 555 982 Nimirum
586 923 758 999 apographo
789 941 851 981 non
886 933 1043 981 contentus
1077 923 1160 998 quod
1191 922 1304 982 amicus

295 1038 491 1106 properanter
516 1041 606 1107 atque
634 1031 785 1106 infeliciter
815 1030 1008 1106 descripserat,
1037 1029 1143 1089 iterum
1168 1029 1303 1090 codicem

302 1146 353 1194 aut
378 1134 442 1212 ipse
470 1135 595 1195 contulit
623 1146 674 1194 aut
703 1134 752 1194 alii
778 1134 861 1194 dedit
890 1137 1104 1195 conserendum
1113 1135 1132 1208 ¹,
1153 1155 1250 1212 neque
1273 1135 1304 1195 id

303 1243 409 1314 solum,
426 1243 479 1301 sed
493 1261 545 1301 eos
560 1260 680 1318 quoque
699 1241 753 1316 qui
759 1238 904 1318 formulis
915 1242 1090 1316 castigandis
1096 1250 1261 1318 praeerant
1272 1243 1303 1301 in

302 1347 412 1422 ffa'na
440 1349 623 1406 Frobeniana
651 1356 732 1423 saepe
754 1348 867 1406 monuit
892 1355 927 1404 at
949 1354 1029 1405 uetus
1052 1350 1201 1424 exemplar
1222 1346 1262 1427 (h.
1276 1367 1301 1406 e,

302 1452 401 1529 ipsum
422 1453 558 1513 codicem
581 1450 824 1530 Murbacensem)
843 1471 898 1511 nen
921 1453 1017 1511 eninm
1035 1473 1123 1528 quam
1144 1456 1302 1529 exemplum

303 1557 343 1637 (h.
361 1579 385 1618 e,
402 1561 594 1636 apographon
616 1559 698 1635 quod
717 1578 735 1617 a
754 1560 902 1618 Rhenano
923 1557 1111 1637 acceperant)
1126 1560 1301 1635 inspicerent.

304 1666 397 1739 Quod
410 1665 431 1723 ii
445 1685 514 1724 curn
533 1685 596 1724 non
610 1667 740 1723 facerent
761 1665 852 1739 magis
871 1673 1004 1723 curantes
1017 1672 1052 1723 ut
1067 1685 1155 1741 quam
1168 1667 1302 1742 primum

302 1772 398 1830 labare
421 1771 645 1847 defiengerentur
665 1790 753 1846 qnam
782 1777 817 1828 at
839 1771 912 1828 liber
936 1772 1002 1829 bene
1025 1771 1147 1846 haberet,
1175 1774 1302 1831 Burerus

301 1875 433 1952 quidam,
459 1875 648 1935 amanuensis
673 1875 715 1935 sic
740 1875 820 1935 enim
846 1874 972 1934 dicitur²
995 1875 1144 1948 Rbenani,
1170 1879 1302 1936 uelamen

302 1983 377 2058 typis
396 2002 528 2040 excusant
549 1985 641 2041 denne
660 2001 722 2040 aem
742 1988 852 2040 uetusta
873 1979 913 2056 (h.
927 2001 951 2040 e.
974 1981 1166 2040 Murbacensi
1185 1981 1302 2061 codice)

301 2091 423 2148 contulit
432 2091 506 2165 plus
518 2110 606 2166 qnam
628 2089 785 2164 diligenter,
807 2089 888 2146 euius
908 2089 990 2146 labor
1009 2095 1052 2146 est
1073 2089 1302 2148 emendationum

302 2198 394 2257 ternio
408 2198 488 2273 operi
499 2197 630 2255 adiectas.

343 2307 414 2362 Post
436 2306 580 2362 Burerum
600 2303 681 2361 nulla
700 2301 812 2361 codicis
834 2300 1041 2361 Murbacensis
1061 2300 1166 2361 notitia
1186 2303 1225 2361 ad
1246 2322 1301 2362 nos

302 2407 445 2485 peruenit,
461 2407 638 2484 uideturque
652 2408 760 2466 eodem
775 2409 836 2466 sato
850 2427 921 2466 usus
935 2427 997 2483 quo
1010 2406 1060 2466 alii
1074 2406 1193 2468 codices
1205 2418 1302 2466 uetus·

301 2513 407 2573 tissimi
418 2515 471 2573 sed
483 2515 562 2573 lectu
577 2511 710 2572 difficiles
724 2512 842 2589 penitus
857 2532 894 2571 ex
907 2512 1001 2572 oculis
1016 2512 1172 2573 hominum
1187 2512 1301 2590 abrepti

301 2630 378 2679 sunt.
423 2622 568 2696 Exemplo
591 2619 628 2678 sit
652 2621 833 2695 archetypon
855 2618 937 2692 illud,
963 2639 981 2678 a
1006 2618 1117 2695 Poggio
1142 2630 1300 2695 repertum,

301 2727 519 2786 Astrenamieen
530 2725 644 2798 Manili,
655 2727 809 2786 Siluarum
819 2725 892 2786 Stati
902 2748 911 2800 3
928 2727 1011 2802 quod
1021 2745 1083 2785 non
1092 2725 1190 2785 minus
1200 2727 1302 2802 deper-

301 2833 397 2893 ditum
417 2833 553 2892 dolemus
575 2851 665 2908 quam
684 2833 765 2890 hunc
783 2833 821 2891 de
840 2851 901 2907 quo
922 2831 1045 2907 agimus,
1070 2831 1300 2891 Murbacensem

300 2939 397 2999 Vellei
418 2938 563 3011 codicem,
586 2937 723 2997 mutilum
745 2957 814 2997 eum
833 2937 955 3014 quidem
977 2957 1013 2996 ac
1033 2937 1174 3014 temporis
1195 2937 1301 2997 iniuria

301 3045 429 3122 pessime
440 3044 584 3117 habitum,
596 3043 752 3121 antiquum
767 3055 875 3116 tamen,
892 3055 921 3103 et
940 3043 965 3103 si
979 3045 1071 3104 modo
1086 3043 1192 3103 iterum
1207 3043 1301 3120 possit

301 3150 424 3224 renasci,
450 3152 576 3209 multum
600 3170 636 3209 ex
660 3149 819 3209 eruditiore
842 3160 944 3209 nostro
966 3151 1085 3209 saeculo
1107 3160 1299 3226 accepturum

302 3256 376 3317 lucis
391 3277 496 3317 nouae.

332 3410 341 3438 ¹
360 3411 475 3472 Epistula
497 3411 618 3460 Rhenani
641 3411 674 3458 ad
697 3410 854 3472 Spalatinum
875 3411 944 3458 edita
961 3427 976 3458 a
997 3391 1123 3458 Fechtero
1143 3409 1191 3458 Die
1209 3410 1300 3457 Amer-

300 3489 550 3551 baehisclreAbschnfl
559 3490 600 3537 des
610 3487 712 3537 Velleius
722 3489 872 3549 Paterculus,
882 3489 964 3552 Basel,
977 3491 1048 3550 1844,
1057 3506 1082 3551 p.
1093 3505 1124 3551 4²
1131 3490 1217 3537 Emisi
1225 3497 1304 3552 nuper

303 3570 427 3618 Vellaeum
439 3573 561 3630 uteunque
576 3569 729 3631 castigatum.
747 3569 779 3616 In
793 3584 841 3630 quo
854 3568 1054 3630 multumsalsus
1063 3585 1130 3631 sum,
1143 3568 1212 3630 quod
1220 3584 1300 3616 exem-

295 3649 357 3711 plar
363 3646 506 3708 fidelissime
525 3647 669 3710 descriptum
691 3647 832 3710 arbitrabar,
848 3663 905 3695 cum
916 3654 1043 3711 postrema
1060 3647 1104 3696 sed
1120 3648 1228 3696 narniam
1245 3663 1299 3695 sera

298 3726 390 3774 collatio
401 3725 495 3774 librarii
502 3725 654 3773 oscitantiam
665 3731 762 3788 arguat.

299 3867 302 3872 Ι
331 3805 341 3835 ²
359 3805 388 3854 ln
400 3804 489 3852 eadem
502 3804 618 3865 Epistula
629 3805 661 3853 ad
674 3805 841 3866 Spalatinum.

789 3911 807 3944 Χ
