3010 4520
627 393 952 455 PROLEGOMENA

293 559 433 637 Epistulis
452 560 507 620 fuit
521 560 644 636 eiusque
658 560 832 638 conscripsit
846 560 947 634 uitam,
962 581 980 620 a
995 561 1110 622 Velleio
1127 562 1288 639 sumpsisse

290 665 434 727 imitanda
448 666 670 727 demonstrauit
714 670 805 728 Nono
821 667 908 745 igitur
925 670 1043 727 saeculo
1058 679 1125 745 post
1137 668 1287 730 Christum
1378 697 1382 702 ¹

291 783 394 831 natum
422 773 540 832 extabat
563 770 637 832 liber
659 772 875 850 manuscriptus
899 771 1086 833 historiarum
1108 773 1213 847 Vellei,
1237 775 1288 850 qui

292 879 443 937 Fuldaene
457 898 495 937 an
510 877 580 938 alibi
594 877 680 937 fuerit
694 880 877 955 exploratum
892 898 953 938 non
968 891 1019 938 est.
1346 863 1349 872 ’

332 985 420 1044 Sexto
455 983 573 1044 decimo
611 982 740 1061 denique
779 985 898 1043 saeculo
935 983 1075 1044 inuentus
1109 995 1153 1044 est
1193 987 1288 1045 codex

291 1095 497 1168 Murbacensis,
514 1105 543 1154 et
558 1093 678 1170 quidem
693 1114 773 1154 anno
792 1111 874 1172 1515.
912 1095 960 1155 Sic
975 1094 1054 1155 enim
1070 1097 1108 1155 de
1123 1116 1159 1156 eo
1174 1095 1288 1173 scripsit

292 1201 401 1259 Beatus
423 1201 586 1259 Rhenanus
608 1198 659 1276 qui
679 1199 791 1276 primus
813 1199 961 1260 Velleium
983 1199 1077 1260 edidit
1097 1221 1177 1261 anno
1202 1220 1285 1279 1520.

290 1305 435 1380 Equidem
456 1306 561 1364 abhinc
582 1323 675 1363 annos
696 1313 818 1382 utputo
837 1307 962 1381 quinque
982 1307 1193 1381 cumprimum
1214 1308 1291 1366 bunc

290 1412 322 1470 in
343 1412 532 1471 Murbacensi
556 1412 718 1470 bibliotheca
741 1413 912 1487 reperissem,
936 1419 965 1470 et
987 1412 1111 1470 uiderem
1137 1419 1198 1470 tam
1218 1423 1289 1489 pro·

289 1519 393 1594 digiose
422 1525 588 1595 corruptam
616 1525 651 1576 ut
681 1519 779 1576 omnia
806 1519 954 1577 restituere
982 1538 1039 1577 non
1058 1518 1141 1593 foret
1165 1520 1292 1579 humani

291 1626 404 1701 abigenti]
420 1631 617 1701 properanter
636 1643 670 1682 oc
688 1624 840 1700 infeliciter
858 1626 894 1683 ab
915 1625 1005 1683 amico
1025 1627 1148 1700 quodam
1170 1627 1288 1702 descrip-

290 1740 359 1806 tum,
368 1733 558 1808 premendum
572 1734 665 1807 plane
684 1732 825 1790 censebam
846 1733 931 1789 donec
950 1731 1075 1789 neelaom's
1093 1732 1171 1790 nobis
1189 1733 1288 1790 codicis

280 1838 369 1913 fieret
380 1838 467 1913 copia,
482 1855 563 1912 quem
581 1845 738 1912 acceperam
755 1836 858 1894 baberi
872 1836 1038 1894 Mediolani
1051 1836 1201 1894 inuentam
1218 1837 1285 1895 olim

289 1963 308 2000 a
327 1943 448 2017 Georgia
461 1943 590 2000 bdemla.
635 1943 688 1999 Est
701 1951 801 1999 autern
818 1938 1028 1999 Murbachium
1047 1939 1131 1999 uicus
1146 1940 1284 2013 Alsatiae‚

290 2051 443 2109 Gallorum
471 2059 501 2107 et
526 2046 735 2106 Heluetiorum
759 2045 790 2105 in
822 2045 969 2106 confinio:
1005 2045 1216 2106 monasterium
1244 2047 1285 2107 ibi

288 2157 386 2217 {uitet
401 2156 581 2217 bibliotheca
596 2154 858 2215 Benedictinorum
874 2156 913 2215 ab
931 2154 1055 2232 antiquo
1069 2154 1128 2214 iarn
1143 2167 1284 2232 tempore,

289 2284 470 2341 quamquam
492 2262 522 2322 in
544 2261 683 2338 catalogis
705 2261 823 2321 duobus
844 2261 983 2342 codicum
1008 2260 1283 2338 manuscriptorum,
1340 2266 1343 2272 '

289 2369 340 2448 qui
361 2372 480 2430 saeculo
498 2390 535 2428 xv
552 2368 583 2427 in
604 2388 640 2427 ea
660 2380 750 2440 erant,
767 2367 853 2428 editis
875 2387 969 2444 nuper
982 2387 1000 2426 a
1013 2367 1158 2428 Zamckio
1176 2367 1286 2447 (Philo-

289 2475 393 2553 logia
414 2478 498 2551 1890,
521 2494 568 2551 pp.
587 2477 645 2532 616
660 2471 738 2551 sqq.)
764 2493 911 2550 nusquam
936 2472 1079 2533 memoria
1100 2473 1218 2550 prodita
1242 2486 1286 2534 est

288 2581 392 2642 Vellei.
436 2582 535 2642 Credo
557 2591 624 2657 post
641 2577 765 2656 scriptos
786 2580 908 2639 demum
928 2581 1077 2656 catalogos
1092 2579 1187 2639 Vellei
1207 2580 1286 2639 codi-

289 2708 355 2747 cem
376 2685 407 2745 in
428 2688 525 2745 lucem
547 2684 665 2745 uenisse
675 2706 684 2758 ;
707 2683 798 2744 fuisse
819 2683 898 2744 enirn
920 2683 951 2743 in
976 2683 1164 2744 monasterii¹
1183 2684 1287 2745 biblio-

289 2794 383 2865 theca,
400 2812 461 2851 non
476 2790 506 2850 in
521 2789 578 2849 alia
597 2788 736 2866 quapiam
755 2788 955 2862 Murbacensi‚
971 2788 1026 2849 etsi
1044 2791 1209 2849 Rhenanus
1224 2810 1284 2848 non

288 2899 331 2959 sic
345 2909 468 2958 testatus
482 2908 526 2957 est
540 2896 571 2956 in
591 2894 877 2980 editioneprincip'e,
892 2915 929 2955 eo
946 2897 979 2955 fit
998 2915 1069 2955 uero
1084 2894 1187 2968 simile,
1203 2897 1285 2972 quod

289 3024 345 3064 nec
358 3003 476 3064 alterius
491 3001 533 3062 ibi
552 3001 751 3061 bibliothecae
765 3003 844 3060 lama
857 3000 994 3073 innotuit,
1011 3021 1075 3074 nee,
1091 3000 1116 3060 si
1132 3001 1171 3060 ab
1188 3000 1286 3060 huius-

289 3109 372 3171 modi
393 3109 574 3170 bibliotheca
595 3107 781 3185 prouenisset
801 3109 896 3168 codex
916 3106 1021 3180 Vellei,
1042 3127 1104 3167 non
1125 3106 1157 3166 id
1177 3105 1285 3167 diserte

216 3229 218 3233 “
290 3219 459 3276 Rhenanus·
469 3226 683 3276 memoraturus
697 3213 759 3274 fuit.

331 3323 436 3383 Codex
460 3319 667 3380 Murbacensis
688 3319 783 3396 qualis
808 3317 895 3378 luerit
915 3317 1018 3378 docuit
1040 3338 1095 3378 nos
1122 3320 1286 3377 Rhenanus

288 3429 319 3488 in
337 3427 519 3505 postscriptis
537 3447 613 3504 quae
627 3426 748 3486 ultimae
762 3425 887 3503 paginae
901 3428 947 3486 ed.
965 3429 1010 3485 Pr.
1026 3425 1142 3485 adiecit.
1179 3427 1285 3484 Ausim

288 3537 388 3594 iurare
408 3553 471 3593 eum
491 3534 545 3609 qui
565 3534 648 3592 illum
673 3531 758 3611 (Cod.
780 3530 1010 3611 Murbacensem)
1033 3532 1226 3609 descripserat,
1254 3553 1288 3590 ne

320 3689 329 3717 ¹
348 3688 388 3735 De
397 3688 551 3736 monasterio
562 3686 725 3735 Murbacensi
733 3686 825 3734 librum
834 3685 897 3734 satis
904 3686 1026 3746 grandem
1038 3685 1139 3748 scripsit
1147 3685 1180 3735 A.
1189 3687 1286 3748 Gatrio,

288 3767 335 3814 Die
345 3764 546 3814 AbtciMurbaclr
559 3765 585 3812 in
596 3765 692 3815 Elsass.
727 3764 866 3825 strasburg
877 3765 892 3813 i
906 3764 960 3814 Els.
972 3764 1045 3825 1895.

764 3860 808 3894 vm
