3010 4520
644 412 968 474 PROLEGOMENA

408 582 485 658 Epla
499 583 603 641 Eman.
621 583 698 641 Port.
716 580 806 658 Regis

449 686 527 747 Iulir'r
538 685 575 767 (l)
592 685 763 749 Maresidiil
775 686 812 768 (l)
828 686 1048 748 communicaui

487 802 497 850 i
511 792 560 852 die
574 793 698 853 Antonii
712 803 745 853 a⁰
762 797 838 871 1558

487 908 525 958 cu
540 900 684 976 Catalogo
698 900 840 960 librorum
855 898 971 960 Erasmi

587 1005 732 1065 Reddidit

346 1107 408 1168 Hic
432 1110 597 1168 notandum
620 1121 664 1170 est
692 1111 775 1186 quod
802 1110 841 1169 ab
868 1110 1039 1186 apographo
1062 1107 1302 1168 Amerbachiano

303 1214 387 1274 abest
408 1215 604 1290 fragmentum
625 1214 706 1292 prius
727 1214 793 1275 libri
808 1218 832 1288 1,
848 1216 876 1274 h.
888 1235 912 1274 e.
936 1213 1064 1291 capitula
1084 1224 1154 1273 octo
1174 1212 1302 1289 quaein

304 1321 350 1380 ed.
367 1323 413 1380 Pr.
429 1319 575 1380 Velleiani
596 1320 693 1398 operis
713 1320 830 1380 initium
849 1320 961 1380 faciunt
978 1341 996 1379 a
1012 1318 1111 1379 uerbis
1130 1321 1302 1395 Tempestate

303 1426 457 1484 dr'stractus
484 1445 578 1502 usque
606 1427 645 1486 ad
673 1427 764 1486 uerba
787 1429 905 1504 Raptus
932 1426 1080 1502 uirginum
1111 1426 1298 1486 Sabinarum.

304 1532 403 1591 Credo
413 1551 494 1591 anno
507 1535 581 1609 1516
591 1533 727 1591 nondum
737 1531 894 1592 inuentum
904 1531 994 1591 fuisse
1008 1533 1205 1608 fragmentum
1216 1529 1298 1603 illud,

302 1638 352 1696 uel
373 1636 589 1697 dubitationem
612 1637 742 1698 mouisse
766 1658 804 1697 an
826 1637 973 1698 Velleiani
996 1637 1092 1714 operis
1116 1658 1183 1715 pars
1205 1647 1282 1697 esset
1292 1659 1300 1711 3

302 1741 372 1801 hinc
391 1743 591 1803 Amerbachio
608 1763 669 1804 non
688 1743 719 1803 in
738 1764 843 1804 manus
863 1743 980 1804 uenisse
995 1763 1064 1803 cum
1083 1743 1197 1820 reliquo
1220 1745 1301 1802 Mur-

301 1847 423 1907 bacensi
437 1849 542 1908 codice
551 1871 560 1923 3
580 1860 610 1908 at
628 1851 776 1910 Rhenano
797 1870 892 1909 annos
913 1860 981 1926 post
998 1860 1136 1926 quattuor
1149 1847 1298 1908 Velleium

301 1953 402 2012 edenti
423 1953 594 2030 suppetisse.
639 1956 718 2014 Nam
739 1955 843 2014 abesse
864 1954 903 2014 ab
920 1953 1111 2014 Amerbachii
1128 1954 1299 2030 apographo

299 2058 370 2118 folia
383 2057 496 2134 aliquot
511 2059 664 2135 deperdita
685 2059 759 2118 nihil
773 2071 817 2119 est
836 2061 919 2136 quod
940 2059 1067 2119 indicet:
1090 2060 1144 2118 sed
1157 2078 1175 2116 a
1189 2057 1298 2134 quibus

299 2164 397 2224 uerbis
425 2166 617 2242 apographon
644 2164 748 2241 incipit
768 2168 975 2241 Fragmentum
996 2167 1094 2242 primi
1115 2166 1186 2223 libri
1214 2166 1302 2224 Vellei
1381 2221 1384 2230 ,

297 2272 449 2332 Paterculi
467 2291 502 2330 ea
516 2269 546 2329 in
568 2291 685 2330 summa
705 2282 787 2347 parte
807 2271 870 2331 folii
884 2282 914 2330 et
935 2271 1057 2348 quidem
1072 2270 1143 2330 recti
1164 2270 1297 2338 studiose

298 2377 397 2454 posuit
411 2377 635 2451 Amerbachius,
652 2388 804 2455 tamquam
821 2378 852 2438 id
873 2398 963 2454 agens
983 2389 1015 2437 ut
1036 2377 1154 2437 initium
1170 2377 1295 2455 paginae

296 2485 405 2544 faceret
419 2486 502 2560 quod
516 2483 570 2543 fuit
587 2483 733 2545 historiae.
777 2486 852 2544 Sunt
866 2484 918 2561 qui
931 2495 1044 2561 putent,
1058 2495 1087 2544 et
1101 2483 1132 2542 in
1146 2483 1192 2544 his
1204 2485 1297 2544 Fech·

296 2600 383 2662 terus,
396 2589 629 2649 Amerbachium
644 2610 705 2650 non
719 2589 817 2667 ipsum
830 2590 1068 2662 Murbacensem,
1079 2591 1132 2650 sed
1147 2591 1295 2666 exemplar

296 2695 359 2756 eius
370 2697 408 2756 ab
419 2695 478 2756 alio
489 2699 608 2770 factum,
620 2697 809 2774 descripsisse
821 2719 826 2756 :
848 2697 918 2757 hinc
930 2696 1039 2757 omissa
1053 2697 1103 2756 illa
1113 2707 1183 2756 octo
1197 2695 1295 2773 capita

295 2802 393 2877 fuisse,
404 2823 473 2862 cum
484 2803 522 2862 ab
534 2823 570 2863 eo
582 2802 740 2880 exemplari
748 2803 902 2863 abfuerint.
933 2805 994 2863 Sed
1004 2814 1147 2880 repugnat
1156 2802 1294 2862 uniuersa

295 2909 408 2985 species
430 2909 660 2969 Amerbachiani
684 2908 862 2986 apographi:
895 2911 978 2986 quod
1010 2908 1034 2968 si
1060 2928 1129 2969 cum
1153 2908 1294 2968 Rhenani
1374 2931 1375 2938 ¹

294 3016 340 3074 ed.
353 3015 486 3092 principe
497 3017 639 3088 conferas,
650 3015 752 3074 uideas
764 3014 865 3075 omnia
876 3014 994 3075 rudiora
1005 3025 1034 3073 et
1045 3025 1077 3073 ut
1088 3013 1129 3073 ita
1141 3013 1239 3074 dicam
1250 3013 1293 3074 in-

293 3121 475 3196 corruptiora
488 3120 548 3180 illic
562 3132 668 3193 extare,
684 3121 838 3180 uocabulis
852 3120 1001 3181 interdum
1016 3141 1077 3180 uon
1095 3131 1174 3180 recte
1189 3119 1291 3181 diuisis

294 3224 416 3304 (scimus
439 3238 538 3287 autem
563 3227 593 3286 in
620 3226 811 3287 Murbacensi
833 3248 895 3287 non
917 3238 996 3286 recte
1018 3226 1115 3287 diuisa
1139 3226 1289 3305 extitisse),

293 3333 500 3410 orthographia
527 3353 628 3394 ueram
656 3333 870 3411 antiquitatem,
900 3354 961 3393 non
986 3335 1137 3393 saeculum
1162 3351 1226 3406 xvt,
1250 3353 1292 3392 re-

291 3441 411 3513 ferente,
424 3439 614 3501 distinetione
628 3442 825 3501 clausularum
839 3440 950 3500 incerta
963 3462 999 3501 ac
1012 3443 1158 3518 perplexa,
1171 3441 1290 3517 qualem

291 3545 322 3605 in
345 3546 536 3607 Murbacensi
558 3549 722 3608 Rhenanus
744 3567 775 3607 se
796 3558 918 3607 testatur
934 3547 1091 3608 inuenisse.
1136 3550 1290 3606 Praeterea

290 3651 322 3711 in
343 3652 534 3714 Amerbachii
555 3655 726 3730 apographo
747 3664 846 3713 tantus
867 3674 936 3730 grex
957 3665 1001 3714 est
1022 3652 1169 3712 uariarum
1190 3651 1290 3712 lectio-

599 3774 608 3802 ¹
624 3773 820 3837 Mamam'legit
832 3774 863 3825 G.
878 3775 980 3824 Parlrer.

768 3881 812 3914 xiv
