2996 4520
600 381 755 440 VELLEI
778 381 1017 443 PATERCVLI

307 558 498 609 conseruatae
522 547 633 624 patriae
657 547 784 625 pretium
809 547 1007 609 calamitatem
1031 547 1099 608 exili
1126 546 1199 608 tulit.
1243 565 1305 606 non

306 657 463 706 caruerunt
477 645 645 722 suspicione
659 646 792 724 oppressi
804 645 956 708 Ciceronis
968 648 1077 708 Caesar
1091 657 1120 707 et
1135 645 1303 722 Pompeius.

306 745 365 803 hoc
384 742 440 803 sibi
460 743 639 804 contraxisse
656 743 814 804 uidebatur
833 744 948 818 Cicero,
965 746 1047 822 quod
1067 744 1144 805 inter
1162 762 1207 803 xx
1226 743 1305 803 uiros

280 841 472 903 sdiuidendo
491 860 561 918 agro
579 842 735 918 Campano
754 862 819 902 esse
837 842 987 903 noluisset.
1031 842 1112 903 idem
1130 841 1206 902 intra
1225 841 1306 901 bien·

306 938 390 998 nium
418 959 482 998 sera
510 941 565 1000 Cn.
596 939 721 1016 Pompei
753 960 831 1014 cura,
860 960 964 1000 uerum
992 950 1025 1000 ut
1052 940 1151 1018 coepit
1181 938 1334 1011 intentas

306 1035 444 1113 uotisque
467 1036 570 1096 Italiae
591 1056 627 1097 ac
649 1036 774 1098 decretis
796 1049 924 1111 senatus,
946 1037 1055 1098 uirtute
1076 1049 1166 1115 atque
1187 1035 1305 1097 actione

306 1131 388 1192 Anni
409 1133 531 1193 Milonis
550 1132 660 1193 tribuni
678 1137 716 1211 pl.
733 1134 869 1211 dignitati
888 1135 1059 1212 patriaeque
1079 1135 1229 1196 restitutus
1250 1144 1301 1194 est.

257 1231 262 1244 '
307 1250 405 1307 neque
432 1241 500 1308 post
525 1230 678 1291 Numidici
706 1231 825 1291 exilium
852 1252 888 1292 ac
915 1233 1043 1293 reditum
1068 1232 1225 1310 quisquam
1253 1241 1303 1291 ant

307 1329 445 1404 expulsus
466 1327 642 1388 inuidiosius
660 1339 711 1388 aut
729 1340 865 1407 receptus
884 1340 929 1390 est
950 1329 1071 1390 laetius:
1093 1330 1177 1390 cuius
1195 1331 1302 1389 domus

307 1446 397 1503 quam
415 1426 521 1486 infeste
539 1426 680 1488 aClodio
700 1427 823 1488 disiecta
841 1438 910 1502 erat,
926 1438 987 1487 tam
1007 1427 1140 1505 speciose
1159 1448 1177 1487 a
1198 1436 1301 1488 senatu
1318 1441 1352 1480 10

277 1524 439 1602 4restituta
453 1535 504 1584 est.
547 1524 628 1584 idem
646 1528 678 1584 P.
695 1525 819 1587 Clodius
838 1525 869 1585 in
883 1531 1014 1590 †senatu
1034 1526 1090 1586 sub
1109 1524 1303 1586 honorificem*

305 1621 420 1682 tissimo
435 1621 577 1682 ministeri
594 1621 679 1682 titulo
696 1625 738 1682 M.
755 1624 902 1684 Catonem
921 1644 939 1683 a
957 1644 989 1684 re
1007 1623 1127 1701 publica
1145 1620 1302 1698 relegauit:

306 1719 417 1797 quippe
438 1722 533 1796 legem
555 1719 628 1793 tulit,
647 1730 680 1779 ut
701 1719 725 1780 is
747 1731 885 1796 quaestor
906 1740 975 1780 cum
996 1720 1058 1780 iure
1079 1718 1234 1797 praetorio,
1254 1719 1311 1782 adr

304 1816 383 1877 iecto
410 1817 499 1877 etiam
522 1828 686 1894 quaestore,
712 1817 875 1878 mitteretur
898 1817 929 1877 in
953 1818 1080 1878 insulam
1105 1819 1237 1894 Cyprum
1264 1817 1303 1875 ad

305 1914 495 1991 spoliandum
509 1929 600 1992 regno
615 1918 828 1989 Ptolemaeum,
845 1915 984 1975 omnibus
1002 1935 1119 1976 morum
1138 1915 1217 1975 uitiis
1236 1935 1302 1974 eam
1317 1927 1350 1979 15

277 2041 291 2088 5
305 2011 517 2071 contumeliam
531 2013 676 2073 meritum.
707 2014 760 2073 sed
775 2013 823 2073 ille
838 2013 893 2073 sub
907 2014 1071 2073 aduentum
1086 2012 1210 2074 Catonis
1224 2011 1302 2071 uitae

305 2128 376 2168 suae
398 2108 460 2168 uim
482 2108 587 2169 intulit.
631 2111 712 2169 unde
733 2110 1001 2188 pecuniamlonge
1023 2120 1139 2188 sperata
1160 2109 1302 2169 maiorem

306 2207 382 2267 Cato
401 2209 531 2278 Romam
548 2207 675 2267 rettulit:
701 2207 785 2267 cuius
801 2207 999 2285 integritatem
1020 2207 1132 2268 laudari
1151 2209 1234 2267 nefas
1248 2217 1300 2279 est,

304 2303 463 2363 insolentia
485 2324 581 2381 paene
604 2304 686 2382 argui
709 2315 815 2382 potest,
840 2308 922 2382 quod
946 2327 1006 2366 una
1033 2326 1102 2366 cum
1130 2304 1302 2365 consulibus

304 2421 340 2460 ac
361 2412 465 2460 senatu
486 2403 579 2462 eflusa
599 2401 718 2462 ciuitate
739 2402 869 2477 obuiam,
885 2424 954 2463 cum
973 2423 1026 2480 per
1039 2402 1173 2463 Tiberim
1192 2401 1302 2462 subiret
1317 2415 1350 2453 ²0

305 2497 440 2571 nauibus,
464 2519 526 2559 non
549 2510 619 2560 ante
641 2498 676 2560 iis
701 2519 833 2577 egressus
856 2511 908 2574 est,
932 2521 1023 2578 quam
1047 2501 1086 2560 ad
1108 2520 1177 2560 eum
1202 2501 1301 2559 locum

303 2596 447 2673 peruenit,
463 2597 514 2657 ubi
529 2608 590 2657 erat
604 2600 781 2675 exponenda
794 2596 928 2676 pecunia.

246 2695 290 2768 46
345 2695 424 2755 Cum
446 2694 555 2755 deinde
579 2694 706 2756 inmanis
728 2716 774 2756 res
796 2695 846 2754 uix
868 2695 967 2755 multis
990 2693 1192 2754 uoluminibus
1215 2691 1303 2771 expli·

338 2875 511 2924 rcalamitate
527 2874 586 2938 ΑΡ,
605 2891 652 2926 em.
667 2875 779 2924 Gelme'us
876 2875 945 2922 exilii
956 2873 1011 2921 ΑΡ
1139 2871 1299 2935 asuspit.A

302 2942 446 3001 4uidendo
468 2940 494 2987 A
595 2948 656 3001 5ut
676 2941 761 3002 coepit
783 2939 911 2989 Gelenaies:
929 2946 955 2989 et
974 2939 1043 3001 cupit
1061 2938 1116 2986 AP
1203 2939 1301 2986 intenta

306 3006 441 3068 Wopkens:
465 3006 567 3055 interita
585 3005 640 3053 AP
756 3007 819 3053 6ac
841 3004 873 3068 P,
892 3005 997 3054 sectanda
1019 3006 1096 3052 littera
1117 3005 1205 3052 ineerta
1225 3005 1251 3052 in
1272 3004 1298 3050 A

301 3071 443 3120 sanatusA
534 3070 702 3132 7AnniAP
763 3069 920 3121 TR.PL.A
989 3069 1149 3131 dignitateA
1239 3070 1300 3118 Bac

301 3186 388 3250 sm'pse'
395 3203 400 3234 :
416 3194 459 3236 aut
470 3185 525 3233 ΑΡ
601 3201 631 3234 10
648 3137 906 3248 moimmsen
917 3202 993 3248 qnam
1005 3185 1097 3234 infeste
1108 3185 1134 3232 A
1149 3185 1159 3246 (
1179 3184 1221 3248 '):
1239 3183 1303 3232 unde

300 3254 411 3316 suspicor
425 3253 451 3300 in
462 3252 619 3300 Murbacensr'
628 3252 709 3313 fuisse
726 3252 842 3314 quamuis
859 3260 979 3314 suprascr.
996 3267 1073 3314 quam
1084 3267 1090 3298 ι
1103 3251 1165 3312 jort.
1182 3265 1260 3311 qnam
1275 3250 1300 3297 ui

300 3333 427 3379 quamque
448 3317 542 3366 infeste
686 3331 713 3364 11
732 3319 758 3364 in
780 3323 872 3365 senatu
890 3315 959 3365 APz
982 3316 1009 3364 in
1029 3317 1159 3364 tribunatu
1181 3315 1301 3364 Heinsio

303 3398 334 3430 12
351 3384 483 3432 ministerii
495 3382 550 3430 ΑΡ
557 3400 564 3431 :
580 3381 707 3430 Kritaium
720 3382 860 3431 dubitanter
867 3387 963 3429 secutus
973 3398 1033 3429 sum
1149 3396 1179 3442 13
1195 3381 1260 3428 iurae
1271 3379 1297 3425 A

302 3462 332 3508 14
348 3455 470 3510 quaestor
487 3449 647 3496 emitteretur
662 3447 722 3510 ΑΡ,
739 3464 786 3496 em.
806 3449 918 3496 Gelenius
1040 3461 1069 3508 15
1088 3446 1256 3494 Ptolomaeum
1271 3444 1298 3490 A

303 3529 331 3574 17
349 3519 406 3561 ante
422 3513 507 3563 intulit
526 3529 625 3561 erasum
644 3518 679 3560 est
697 3514 723 3560 in
740 3512 766 3559 A
786 3513 843 3576 intr,
860 3512 926 3561 credo
946 3528 976 3560 ex
996 3514 1062 3560 male
1077 3513 1191 3561 intellecto
1214 3510 1299 3560 intulit

302 3644 332 3690 19
348 3636 389 3678 est
411 3635 497 3690 potest
515 3629 541 3676 A
563 3629 574 3694 (
593 3629 615 3692 ¹)
682 3627 886 3677 consulibusA:
904 3627 999 3677 COSS.
1015 3626 1042 3675 P
1130 3643 1163 3676 ao
1179 3589 1298 3676 effiisaA

300 3710 330 3742 21
349 3694 392 3760 iis]
409 3695 431 3743 is
447 3694 501 3741 ΑΡ
597 3709 629 3756 23
645 3694 755 3743 inmanis
768 3700 894 3743 mutatum
906 3695 932 3742 in
943 3708 1001 3742 ·nes
1012 3692 1038 3739 A

782 3876 815 3941 ⁶4
