2996 4520
574 380 729 440 VELLEI
751 379 992 441 PATERCVLI

285 548 389 626 positis
404 547 460 609 Gai
474 568 509 608 ac
524 547 599 607 Luci
613 545 784 607 nominibus
798 547 999 623 adoptauerat,
1015 545 1150 606 admouit
1163 544 1285 623 propius

287 650 439 708 Neronem
468 645 606 708 Caesari:
642 645 752 722 quippe
780 645 841 705 filia
869 645 945 705 Iulia
980 645 1051 718 eius,
1081 665 1158 722 quae
1190 647 1285 704 fuerat

259 745 435 823 rAgrippae
459 755 559 822 nupta,
586 743 699 804 Neroni
727 743 834 820 nupsit.
879 743 1006 804 subinde
1033 744 1145 803 bellurn
1170 746 1286 803 Panno-

287 843 397 915 nicum,
420 845 502 920 quod
523 842 696 902 inchoatum
719 841 877 919 ‘sAgrippa
899 845 1063 919 Marcoque
1077 841 1205 916 Vinicio,
1227 860 1285 901 auo

287 953 348 1013 tu0‚
360 931 445 1014 CO-s,
456 961 597 1018 magnum
611 951 753 1018 atroxque
771 951 800 1000 et
816 959 960 1018 perquam
969 939 1102 1000 uicinum
1111 938 1286 1000 imminebat
1298 953 1315 1003 5

260 1037 399 1111 31taliae,
428 1057 481 1114 per
508 1040 661 1097 Neronem
688 1047 803 1114 gestum
831 1048 883 1097 est.
936 1048 1038 1114 gentes
1063 1035 1285 1112 Pannoniorum

288 1137 552 1214 Delmatarumque
573 1134 708 1195 nationes
729 1135 878 1212 situmque
899 1133 1052 1212 regionum
1073 1155 1109 1194 ac
1129 1133 1286 1194 fluminum

287 1254 504 1312 numerumque
525 1245 555 1293 et
576 1235 700 1294 modum
721 1232 828 1293 uirium
849 1233 1121 1310 excelsissimasque
1142 1243 1171 1292 et
1192 1231 1288 1292 multi-

289 1331 374 1409 plicis
399 1352 436 1393 eo
456 1333 535 1393 bello
554 1330 692 1392 uictorias
712 1330 786 1391 tanti
804 1329 987 1409 imperatoris
1004 1330 1062 1392 alio
1082 1334 1149 1392 loco
1164 1329 1287 1408 explica·

289 1429 404 1490 bimus:
436 1432 495 1489 hoc
519 1449 594 1506 opus
619 1439 715 1488 seruet
742 1430 868 1488 formam
896 1448 988 1488 suam.
1031 1427 1118 1488 huius
1146 1426 1287 1488 uictoriae
1301 1449 1335 1486 10

289 1548 413 1605 compos
429 1531 510 1588 Nero
524 1547 618 1588 ouans
633 1525 832 1603 triumphauit.

234 1633 275 1694 97
330 1626 390 1685 Sed
402 1626 474 1684 dum
488 1624 519 1684 in
534 1626 590 1684 hac
604 1635 686 1701 parte
701 1621 805 1700 imperi
816 1622 918 1682 omnia
928 1634 1067 1700 geruntur
1081 1622 1285 1700 prosperrime,

289 1734 412 1800 accepta
432 1723 463 1782 in
485 1721 645 1783 Germania
666 1723 765 1781 clades
787 1721 843 1781 sub
864 1722 961 1798 legato
981 1724 1023 1781 M.
1041 1720 1146 1795 Lollio,
1165 1720 1287 1781 homine

289 1820 320 1880 in
342 1821 443 1880 omnia
463 1821 608 1898 pecuniae
629 1841 719 1898 quam
739 1831 819 1879 recte
839 1819 967 1879 faciendi
989 1819 1141 1896 cupidiore
1162 1831 1191 1879 et
1212 1819 1288 1879 inter

290 1939 438 1979 summam
458 1917 598 1979 uitiorum
619 1915 885 1978 dissimulationem
906 1915 1105 1989 uitiosissimo,
1121 1915 1287 1994 amissaque
1301 1937 1331 1989 15

290 2015 413 2092 legionis
428 2015 549 2092 quintae
562 2014 661 2091 aquila
677 2012 796 2073 uocauit
809 2014 849 2073 ab
863 2013 935 2073 urbe
949 2012 980 2072 in
995 2013 1105 2073 Gallias
1120 2015 1285 2074 Caesarem.

265 2134 360 2173 reura
384 2113 493 2173 deinde
517 2124 607 2189 atque
631 2131 707 2171 onus
732 2109 902 2171 Germanici
929 2110 1000 2171 belli
1027 2113 1161 2188 delegata
1189 2114 1289 2171 Druso

291 2209 427 2283 Claudio,
451 2209 530 2268 fratri
555 2207 691 2280 Neronis,
717 2207 900 2267 adulescenti
928 2219 972 2268 tot
1000 2219 1206 2286 tantarumque
1234 2207 1289 2267 uir·

290 2323 396 2383 tutum,
412 2321 486 2388 quot
500 2321 529 2369 et
543 2315 668 2388 quantas
685 2320 789 2368 natura
807 2309 938 2370 mortalis
956 2309 1060 2386 recipit
1078 2310 1126 2368 uel
1145 2305 1289 2367 industria

290 2408 411 2486 perficit.
455 2408 538 2469 cuius
556 2409 707 2486 ingenium
730 2422 828 2470 utrum
847 2411 960 2472 bellicis
980 2410 1071 2488 magis
1091 2409 1230 2486 operibus
1249 2429 1287 2467 an
1301 2429 1332 2465 20

266 2505 427 2570 sciuilibus
456 2506 602 2566 suffecerit
629 2506 749 2581 artibus,
775 2508 806 2568 in
833 2507 946 2569 incerto
974 2520 1035 2570 cst:
1068 2528 1184 2568 morum
1208 2516 1287 2566 certe

292 2607 420 2665 dulcedo
444 2625 479 2664 ac
501 2605 630 2665 suauitas
651 2617 681 2666 et
701 2609 843 2667 aduersus
864 2607 976 2667 amicos
997 2626 1093 2683 aequa
1113 2626 1148 2665 ac
1169 2624 1221 2681 par
1242 2601 1287 2662 sui

291 2701 456 2762 aestimatio
491 2701 672 2764 inimitabilis
706 2703 797 2764 fuisse
831 2703 956 2778 dicitur,
994 2725 1064 2763 nam
1098 2700 1288 2780 pulchritudo

291 2801 421 2878 corporis
440 2801 573 2878 proxima
591 2804 735 2863 fraternae
753 2803 815 2863 suit.
860 2804 913 2863 sed
932 2801 1015 2862 illum
1034 2821 1142 2878 magna
1155 2821 1191 2860 ex
1207 2811 1289 2877 parte

291 2898 469 2958 domitorem
491 2899 676 2973 Germaniae,
698 2900 825 2977 plurimo
846 2899 909 2960 eius
930 2899 1025 2977 gentis
1049 2898 1136 2960 uariis
1162 2899 1192 2959 in
1216 2899 1290 2960 locis
1304 2917 1331 2966 25

291 2998 412 3072 profuso
448 2995 598 3073 sanguine,
627 2999 754 3057 fatorum
789 2997 929 3074 iniquitas
961 2999 1123 3070 consulem,
1152 3008 1289 3074 agentem

325 3169 340 3200 a
359 3153 423 3201 Iulia
437 3153 489 3200 filia
506 3153 606 3204 Haase:
630 3153 681 3202 filia
693 3154 749 3202 eius
762 3154 781 3202 l.
796 3153 914 3215 Gelem'us,
929 3157 957 3200 ut
975 3169 1029 3203 roo.
1046 3169 1070 3212 a,
1083 3153 1110 3214 esi
1123 3152 1211 3202 Novak
1218 3161 1245 3216 p.
1258 3155 1290 3201 66

292 3233 308 3280 3
319 3219 434 3291 A-gfflrpa
445 3225 540 3280 nuptae
551 3218 577 3265 A
678 3235 693 3280 4
707 3225 834 3282 corruptus
845 3219 912 3266 locus
922 3235 995 3280 quem
1007 3219 1140 3266 namodum
1152 3219 1291 3267 emendaud

291 3313 307 3359 5
326 3301 393 3349 COS
415 3301 461 3348 A:
484 3300 572 3348 COSS
590 3300 630 3349 P:
655 3301 755 3363 Lipsius
771 3301 885 3348 seniebat
901 3301 967 3350 inch.
986 3299 1043 3364 [ab]
1059 3300 1182 3362 Agrippa,
1202 3301 1290 3349 Marco

291 3365 399 3430 Vinicio,
413 3383 434 3415 a.
445 3373 496 3429 tuo,
511 3366 633 3415 consule:
645 3367 755 3428 sortasse
765 3366 813 3414 sub
823 3367 945 3428 Agrippa,
956 3365 1002 3430 [Q.
1013 3365 1143 3428 Lucretio]
1152 3366 1290 3427 Marcoque

291 3430 400 3494 Vinicio,
414 3449 437 3482 a.
451 3439 476 3490 t,
490 3431 638 3480 consulibus
703 3447 836 3493 proquam
848 3431 874 3478 A
941 3433 958 3478 6
974 3433 1158 3492 pannoriorum
1170 3431 1223 3490 del,
1237 3431 1291 3479 dein

291 3505 411 3559 suprascr.
422 3497 655 3558 pannonicorumA
717 3511 731 3556 7
747 3496 906 3547 DelmAB:
925 3497 1043 3546 Dalm.P
1105 3499 1121 3544 8
1138 3497 1291 3560 multiplices

292 3561 346 3608 ΑΡ
420 3563 509 3622 ocolo
522 3563 573 3623 det,
588 3563 642 3610 dein
653 3570 772 3624 suprascr.
784 3561 874 3610 locoA
962 3577 991 3610 ra
1009 3563 1099 3624 imperi
1110 3561 1164 3609 ΑΡ
1261 3577 1291 3624 13

294 3627 366 3676 Lolio
377 3627 432 3676 ΑΡ
503 3643 533 3688 15
549 3627 713 3676 uictorumA
792 3642 825 3676 ao
841 3627 942 3688 perficit
952 3627 1099 3690 Lipsiuscfi
1113 3627 1137 3676 ii.
1151 3628 1291 3676 natantis

294 3694 405 3754 denique
417 3694 706 3754 adornatusuirtutibus‚
717 3700 824 3754 quantas
836 3693 981 3754 perfecta
993 3700 1019 3740 et
1031 3700 1120 3741 natura
1131 3701 1157 3741 et
1169 3693 1292 3742 industria

293 3759 407 3807 mortalis
419 3761 535 3808 condicio
547 3760 654 3820 recipit:
672 3759 780 3820 percipit
786 3758 841 3805 ΑΡ
904 3774 933 3806 21
952 3759 1029 3806 armis
1039 3759 1093 3821 del,
1103 3759 1157 3807 du'u
1169 3767 1289 3822 suprascr.

292 3825 427 3874 artibusA
528 3840 558 3886 25
576 3824 707 3886 genitisA

769 3903 814 3951 108
