2996 4520
614 454 770 514 VELLEI
793 454 1034 515 PATERCVLI

317 633 425 696 rentur,
448 642 544 700 paene
566 621 641 683 inter
663 622 783 683 ultimos
805 621 1000 700 interrogatus
1025 621 1211 694 sententiam,
1234 631 1316 681 tanta

316 721 347 781 ui
371 721 463 781 animi
486 733 576 798 atque
603 719 703 798 ingeni
726 721 863 781 inuectus
887 732 932 781 est
955 721 986 780 in
1011 719 1254 793 coniurationem,
1278 739 1316 780 eo

315 820 420 878 ardore
435 818 493 879 oris
508 818 672 879 orationem
691 818 826 879 omnium
845 818 997 878 lenitatem
1016 817 1205 877 suadentium
1225 815 1316 876 socie-

287 925 375 977 4tate
398 915 503 975 consili
524 925 692 992 suspectam
714 915 792 988 fecit,
815 914 857 975 sic
878 914 1083 992 impendentia
1104 934 1141 974 ex
1160 912 1252 973 ruinis
1273 912 1316 972 in-

315 1013 488 1091 cendiisque
513 1013 594 1074 urbis
616 1025 646 1074 et
673 1013 907 1073 commutatione
931 1025 1023 1074 status
1048 1011 1161 1090 publici
1184 1011 1345 1089 pericula5

314 1111 458 1188 exposuit,
484 1111 525 1171 ita
551 1111 681 1172 consulis
706 1111 845 1171 uirtutem
872 1110 1072 1188 amplificauit,
1098 1121 1132 1170 ut
1159 1109 1314 1170 uniuersus

314 1219 434 1268 senatus
456 1207 487 1268 in
509 1209 572 1269 eius
597 1208 774 1269 sententiam
799 1207 933 1268 transiret
954 1207 1313 1282 animaduertendumque

313 1303 344 1363 in
369 1324 429 1377 eos,
450 1324 526 1382 quos
548 1304 754 1382 praediximus,
776 1315 909 1364 censeret
933 1304 1086 1380 maiorque
1110 1323 1177 1381 pars
1202 1303 1313 1364 ordinis

285 1400 376 1468 seius
405 1403 551 1463 Catonem
579 1412 827 1479 prosequerentur
854 1403 986 1462 domurn.
1037 1413 1067 1461 at
1095 1400 1223 1463 Catilina
1250 1421 1311 1461 non

313 1496 431 1575 segnius
446 1510 553 1559 conata
567 1498 649 1572 obiit,
665 1519 755 1576 quam
770 1498 887 1558 sceleris
902 1497 1032 1558 conandi
1048 1497 1172 1558 consilia
1189 1497 1311 1558 inierat:
1330 1519 1363 1552 ιο

313 1595 424 1673 quippe
433 1595 591 1656 fortissime
600 1594 754 1669 dimicans,
765 1614 855 1673 quem
866 1594 1009 1655 debuerat
1020 1595 1166 1672 supplicio
1178 1594 1311 1672 spiritum

313 1692 450 1752 reddidit.

258 1794 300 1865 36
354 1791 530 1852 Consulatui
542 1790 694 1852 Ciceronis
708 1811 770 1852 non
785 1790 935 1851 mediocre
948 1790 1056 1851 adiecit
1067 1792 1159 1850 decus
1174 1801 1260 1850 natus
1275 1811 1311 1852 eo

312 1906 393 1948 anno
402 1887 490 1948 diuus
499 1891 650 1965 Augustus
659 1887 769 1948 abhinc
777 1886 1166 1960 annos†xxxx11,omnibus
1176 1887 1310 1947 omnium

284 1984 444 2060 agentium
461 1984 530 2044 uiris
550 1985 753 2062 magnitudine
772 2005 826 2045 sua
846 1984 1021 2045 inducturus
1043 1983 1207 2062 caliginem.
1251 1984 1309 2045 iam
1326 2006 1338 2040 r
1344 2007 1358 2054 5

311 2101 407 2159 paene
422 2081 674 2159 superuacaneum
690 2083 784 2143 uideri
797 2093 896 2160 potest
914 2081 1109 2143 eminentium
1124 2082 1309 2159 ingeniorum
1341 2103 1343 2106 ·

311 2191 413 2240 notare
441 2190 582 2257 tempora
636 2180 702 2258 quis
730 2180 810 2240 enim
838 2180 952 2258 ignorat
980 2180 1142 2257 diremptos
1170 2180 1309 2258 gradibus

310 2277 414 2337 aetatis
425 2278 558 2338 floruisse
569 2280 627 2338 hoc
638 2289 772 2355 tempore
783 2277 968 2350 Ciceronem,
982 2277 1187 2350 Hortensium,
1202 2285 1311 2338 †sane-

310 2393 369 2450 que
389 2375 538 2447 Crassum,
556 2376 738 2449 †Catonem,
760 2374 932 2452 Sulpicium,
954 2394 1084 2452 moxque
1106 2378 1239 2448 Brutum,
1256 2376 1311 2436 Ca·

310 2471 423 2546 lidium,
441 2472 585 2545 Caelium,
606 2474 733 2534 Caluum
753 2485 782 2533 et
800 2470 967 2550 proximum
990 2471 1129 2534 Ciceroni
1151 2473 1309 2534 Caesarem
1325 2502 1357 2537 ,ο

309 2589 473 2647 eorumque
487 2572 569 2629 uelut
582 2572 719 2630 alumnos
734 2569 899 2632 Coruinum
918 2589 954 2629 ac
973 2569 1140 2629 Pollionem
1161 2569 1308 2641 Asinium,

309 2669 520 2744 aemulumque
535 2666 719 2743 Thucydidis
734 2665 914 2739 Sallustium,
930 2676 1126 2743 auctoresque
1144 2665 1308 2726 carminum

307 2763 474 2822 Varronem
490 2781 526 2822 ac
547 2761 716 2821 Lucretium
740 2781 838 2840 neque
860 2763 922 2821 ullo
940 2761 971 2820 in
994 2761 1124 2838 suscepti
1146 2761 1243 2839 operis
1264 2762 1310 2822 sui

1102 2833 1120 2902 0

340 2951 352 2982 1
371 2951 439 2996 pene
450 2934 476 2981 A
588 2950 604 2982 2
621 2934 717 2996 ingenii
728 2934 783 2982 ΑΡ
845 2951 877 2984 εο
889 2935 1006 2997 Lipsius:
1023 2940 1049 2983 et
1060 2934 1115 2982 ΑΡ
1218 2951 1234 2998 3
1250 2951 1308 2984 sua-

306 3001 422 3049 dentium
429 3001 472 3058 bis,
484 3015 552 3047 eraso
567 3001 704 3062 paruum,
714 2999 740 3046 A
840 2999 953 3064 4inp.A
1054 3013 1069 3061 5
1087 3010 1153 3050 com.
1166 3000 1192 3046 A
1292 3003 1308 3050 6

305 3066 418 3115 consulis
433 3065 560 3114 Gelenius:
578 3065 682 3113 consilis
694 3065 734 3114 B:
752 3065 852 3114 consilii
864 3064 918 3112 ΑΡ
980 3080 997 3126 9
1011 3064 1163 3114 Ciceronem
1175 3065 1310 3130 Hottinger

306 3146 358 3179 non
365 3132 469 3244 sggnius
482 3131 572 3242 οᾝη
583 3135 656 3206 ίιτζκ,
671 3130 728 3178 add.
740 3131 783 3242 iuq
779 3147 860 3194 marg.
871 3129 897 3176 A
965 3195 981 3243 d
998 3145 1040 3242 bro
1057 3137 1149 3178 conata
1155 3130 1308 3209 ¹Au'dalius':

303 3204 415 3324 {atzar}
431 3203 508 3324 3331
530 3277 568 3322 sp.
588 3202 858 3322 sussbtlbribmbebuerat
880 3210 997 3309 igdgidii3
1013 3198 1308 3324 Asupplsspprsgedgqqut

304 3327 382 3389 plicio
399 3327 523 3377 debuerat
545 3325 672 3388 supplicio
692 3327 802 3375 reddidit
821 3325 847 3373 P
1002 3341 1032 3386 13
1050 3327 1082 3374 de
1102 3327 1158 3375 eius
1177 3328 1231 3386 del,
1252 3328 1306 3376 dein

303 3400 424 3454 suprascr.
439 3391 551 3503 decqu
622 3407 651 3452 14
663 3405 772 3440 axxxxn
781 3391 867 3466 Aldus
889 3455 913 3503 Α
935 3406 963 3452 17
976 3392 1141 3503 direppqu:
1159 3393 1307 3454 direptosB

303 3457 567 3584 liatlttrnl'r,
577 3458 745 3573 :litati
756 3457 870 3583 dlsslt
882 3458 1147 3572 &illailla
1163 3459 1305 3585 §lirul

303 3588 449 3650 intetpoluta
466 3587 583 3636 iudicauit
597 3587 687 3636 Nova'k
701 3603 758 3636 cum
775 3588 827 3635 iam
844 3603 868 3648 9.
886 3604 902 3636 a
919 3588 1004 3637 Crassi
1017 3587 1157 3650 Sulpia'qua
1172 3589 1257 3636 im'ecta
1273 3590 1305 3636 sit

304 3654 394 3700 nuntio
414 3669 456 3701 nec
466 3654 623 3717 probabiliter
637 3655 701 3702 inter
716 3654 827 3714 aequalis
846 3654 954 3700 omissus
969 3654 1002 3699 sit
1018 3652 1147 3701 Antonius
1274 3669 1305 3715 19

303 3718 427 3766 Catonem
443 3718 512 3767 AP:
529 3720 632 3768 Cottam
643 3718 729 3767 Aldus
837 3732 870 3766 aa
887 3719 1026 3766 Salustium
1037 3717 1097 3779 ΑΡ,
1110 3717 1155 3766 sed
1166 3734 1226 3767 mox
1240 3719 1302 3768 Sall.

302 3783 328 3831 A
348 3848 362 3896 b
379 3849 413 3899 bd
424 3799 456 3845 23
472 3785 585 3846 suscepti
597 3784 713 3847 Lipsius:
731 3784 845 3846 suspecti
856 3782 924 3833 AP:
942 3782 1082 3844 insuspecti
1093 3783 1128 3834 A.
1141 3783 1246 3833 Palmer
1260 3785 1305 3834 uix

299 3857 347 3913 pm
363 3865 378 3896 a
400 3851 458 3898 ‘iter

784 4029 817 4081 54
