3024 4568
513 465 858 549 COMMENTARIVS
880 463 1078 525 CRITICVS

331 643 366 682 10
379 641 396 694 4
415 637 480 683 ante
498 629 670 698 triumphum
687 628 819 698 triumphi
835 627 896 698 (hoc
907 629 983 682 linea
997 630 1144 682 inductum
1157 625 1207 695 est)
1222 626 1298 680 diem

297 714 324 768 A
336 730 342 767 τ
363 724 428 769 ante
441 712 572 785 triumphi
586 715 661 769 diem
674 717 708 768 P.

334 802 417 870 Quod
437 803 514 856 dedit
533 803 738 857 Amerbachius
757 820 790 856 ex
810 801 999 872 dittographia
1017 812 1109 855 ortum
1127 802 1219 866 credo,
1233 807 1300 854 ante

295 889 535 1009 tritmlzpzlclirimm,
555 959 606 995 nec
625 939 706 994 facile
728 939 829 994 dixeris
849 947 914 993 ante
935 939 1113 1010 triumphum
1126 941 1161 992 V.
1180 957 1216 992 an
1233 945 1300 992 unte

296 1027 441 1096 triumphi
450 1029 523 1080 dcem
538 1029 685 1098 scripserit.
718 1031 795 1083 Nam
808 1030 870 1095 hoc,
883 1039 1028 1098 tamquam
1041 1030 1219 1096 glossemate,
1230 1027 1300 1080 illud

297 1115 429 1184 explicari
443 1127 560 1184 poterat.

332 1219 358 1256 11
372 1218 387 1255 2
405 1204 491 1257 imani
506 1205 589 1258 etiam
602 1205 673 1258 acha
686 1222 733 1258 eos
746 1205 807 1268 del„
820 1205 884 1257 dein
896 1205 1120 1274 srqdrascriptum
1135 1205 1245 1256 achaeos
1258 1201 1287 1254 A
1292 1240 1299 1266 ‚

297 1290 372 1343 unde
391 1291 504 1359 colligas
524 1293 740 1346 Amerbachium
763 1292 839 1360 prius
864 1291 1009 1361 scripsisse
1034 1292 1109 1360 quod
1134 1291 1162 1343 in
1183 1290 1300 1343 Murba-

297 1377 373 1430 censi
387 1378 537 1446 inuenerat,
551 1389 650 1448 postea
663 1378 784 1433 iunxisse
798 1396 868 1448 quae
881 1379 919 1433 ibi
932 1379 1021 1432 diuise
1035 1378 1138 1447 scripta
1151 1387 1237 1431 erant.

333 1482 365 1534 14
383 1481 392 1517 1
414 1482 480 1518 nam
493 1466 652 1520 militarium
667 1465 862 1533 (coloniarum)
877 1476 904 1520 et
918 1484 1004 1519 causa
1016 1476 1044 1519 et
1057 1475 1184 1519 auctores
1196 1465 1261 1517 ΑΡ.

334 1553 422 1605 Burer
437 1553 503 1621 legit
523 1570 629 1618 causae,
643 1553 768 1622 ‘apiculo
783 1554 829 1607 illo
848 1571 902 1623 quo
922 1554 952 1607 fit
970 1553 1160 1622 diphthongus
1179 1551 1300 1605 abraso!

299 1639 413 1706 Quanta
426 1639 460 1693 sit
472 1639 568 1694 Bureri
583 1641 652 1694 fides
665 1640 827 1710 planissime
837 1641 904 1694 hinc
917 1641 1062 1694 docemur:
1080 1657 1136 1694 non
1144 1640 1299 1694 fefellerant

297 1744 360 1780 eum
374 1744 444 1796 quae
457 1745 509 1781 nec
520 1729 633 1782 Amerb.
647 1745 700 1781 nec
714 1729 866 1782 Rhenanus
881 1727 1018 1780 uiderant.

332 1881 364 1933 14
378 1880 393 1918 2
414 1865 511 1920 Setina
523 1867 566 1919 P:
587 1821 675 1920 ssdeairlid
693 1883 710 1919 a
730 1865 791 1934 (hoc
802 1864 865 1933 del.)
879 1865 918 1918 A.
948 1867 1067 1918 Erasam
1080 1864 1230 1919 oflitteram
1242 1881 1300 1916 non

860 1965 874 1991 a

297 2011 401 2056 temere
417 2003 549 2074 scriptam
568 2021 647 2057 reor:
669 2003 758 2058 fuerat
779 2002 885 2068 Setina,
898 2004 924 2056 h.
938 2020 962 2056 e.
977 2003 1078 2056 Setina
1096 2012 1250 2066 correctum
1270 2000 1299 2054 in

297 2091 385 2143 Selia.

332 2180 395 2244 163
421 2185 477 2230 una
504 2177 569 2244 (una
592 2179 630 2244 P)
657 2178 777 2247 priscam
802 2178 877 2230 illam
902 2187 930 2231 et
957 2187 1081 2231 ueterem
1106 2177 1158 2230 sub
1184 2175 1300 2230 Cratino

296 2264 538 2333 Aristophaneque
552 2264 690 2334 Eupolide
709 2265 882 2319 comoediam
902 2283 934 2318 ac
956 2283 1059 2318 nouam
1080 2264 1216 2318 comicam
1236 2265 1300 2316 Me-

297 2352 407 2404 nander
419 2353 605 2421 aequalesque
618 2352 677 2405 eius
691 2392 697 2404 .
712 2391 718 2405 .
732 2391 738 2412 ,
752 2352 892 2407 inuenere.
905 2351 942 2406 Α.

331 2437 520 2507 Aristophane
542 2439 567 2492 δι
588 2439 726 2508 Eupolide
743 2442 777 2493 P.
804 2440 978 2493 Menandros
998 2440 1033 2505 P,
1048 2439 1133 2499 ,nihil
1150 2439 1301 2492 aduolauit

296 2525 400 2578 Burer.

334 2612 415 2680 Quod
435 2613 519 2666 Orelli
539 2612 626 2666 edidit
646 2615 891 2682 Arz'stoplzaneque
909 2618 936 2666 el
954 2615 1103 2683 Eupolide,
1117 2613 1146 2667 id
1164 2613 1300 2682 Kreyssig

297 2699 456 2753 adfirmauit
476 2718 509 2776 ex
524 2713 592 2766 17.1
614 2701 765 2754 Caecilium
783 2703 809 2754 T
805 2703 998 2770 erentz‘umque
1015 2707 1043 2754 et
1059 2703 1227 2772 Afranium,
1247 2718 1300 2754 nec

297 2781 451 2856 quidquam
468 2797 536 2856 puto
556 2787 723 2857 probabilius
741 2788 884 2842 inuentum
902 2788 942 2841 iri.
979 2791 1017 2842 At
1032 2789 1108 2859 quod
1122 2790 1155 2842 G.
1168 2791 1203 2842 A.
1219 2790 1300 2841 Koch

299 2872 426 2942 (Quaest.
445 2875 518 2928 Vell.
537 2893 564 2944 p.
579 2872 606 2940 7)
629 2893 731 2928 nouam
754 2874 837 2943 [uim]
864 2876 995 2928 comicam
1021 2875 1199 2929 scribendum
1224 2885 1301 2928 ratus

298 2971 348 3024 est,
374 2962 475 3014 adlatis
501 2961 628 3016 uersibus
656 2964 686 3016 C.
711 2962 839 3016 Caesaris
860 2963 895 3015 de
920 2962 1052 3016 Terentio
1070 2963 1193 3016 Lenibus
1217 2969 1302 3031 atque

297 3050 410 3100 utinam
430 3049 523 3101 uerbis
544 3049 677 3102 adiuncta
694 3049 774 3117 foret
795 3051 841 3101 uis
865 3050 981 3116 Comata,
1008 3055 1041 3101 ut
1063 3056 1181 3118 aequato
1206 3051 1302 3102 uz'rtus

291 3137 413 3205 polleret
441 3137 544 3189 honore
576 3136 645 3188 Cum
672 3137 786 3189 Graecis
810 3153 897 3204 neque
924 3138 955 3188 in
979 3136 1032 3189 hac
1054 3138 1195 3205 despectus
1219 3140 1302 3204 parte

298 3224 408 3287 iaceres,
422 3223 528 3275 nullum
549 3221 595 3275 hic
614 3224 706 3276 locum
725 3223 808 3276 uideo
827 3223 874 3277 tali
894 3223 1038 3288 uocabulo,
1058 3223 1221 3292 praesertim
1237 3240 1301 3276 cum

299 3308 327 3362 in
349 3310 506 3363 Menandro
531 3310 749 3379 aequalibusque
774 3309 833 3363 eius
858 3327 916 3362 non
942 3309 984 3364 uis
1006 3309 1122 3376 comica,
1141 3327 1197 3380 qua
1215 3311 1302 3363 risum

299 3398 492 3465 spectantibus
517 3407 668 3463 mouerent,
700 3398 868 3462 laudaretur,
899 3398 948 3451 sed
973 3393 1094 3463 ἢθοποιία
1119 3397 1213 3451 iuncta
1238 3415 1301 3450 cum

299 3500 428 3536 sermone
442 3484 497 3538 leni
511 3493 538 3536 et
552 3501 622 3552 puro
635 3494 662 3538 et
675 3484 824 3554 aequabili.
863 3483 1047 3537 Praetulerim
1056 3487 1135 3537 uiam
1149 3477 1226 3555 quod
1238 3495 1302 3554 post

299 3586 403 3622 nouom
413 3571 493 3623 facile
506 3570 633 3624 excidere
647 3581 754 3639 poterat
765 3589 771 3636 ;
798 3589 872 3624 noua
885 3571 931 3625 uia
944 3571 1050 3624 comica
1063 3580 1105 3624 est
1115 3571 1185 3639 καινὴ
1194 3571 1302 3640 μέθοδος

299 3656 401 3725 κωμική,
416 3658 448 3709 ‘a
461 3675 521 3711 new
535 3657 624 3710 comic
638 3658 722 3726 style’
736 3659 780 3710 uel
794 3657 908 3711 ‘mode’

335 3746 399 3810 164
419 3745 646 3813 philosophorum
664 3761 774 3813 quoque
791 3743 902 3812 ingenia
923 3743 1066 3798 Socratico
1084 3761 1132 3798 ore
1152 3745 1303 3798 defluentia

299 3831 423 3884 omnium
443 3849 512 3901 quos
534 3833 617 3900 paulo
641 3843 707 3886 ante
725 3832 950 3886 enumerauimus
969 3832 1034 3884 ΑΡ.
1074 3832 1189 3886 Ultimis
1209 3833 1303 3888 uerbis

779 3933 825 3992 148
