3024 4568
608 453 737 510 LIBER
760 453 793 512 11

202 616 329 678 faciebat
351 615 601 694 inexsuperabilis,
625 636 681 676 nec
706 616 861 677 temerario
883 616 1009 677 consilio
1035 636 1092 676 nec
1120 601 1203 693 segni

202 715 389 794 prouidentia
413 715 466 793 iuti
489 715 691 793 speculatique
716 715 946 793 oportunitatem
975 717 1051 775 ferro
1079 713 1135 774 sibi
1162 717 1201 774 ad

201 835 270 874 suos
305 834 444 892 peperere
479 814 614 874 reditum.
666 834 702 873 ex
736 833 797 890 quo
831 825 952 891 apparet
979 815 1100 885 Varum,
1130 832 1228 884 sanes,

200 932 319 989 grauem
343 924 372 973 et
397 914 494 973 bonae
515 911 676 972 uoluntatis
701 911 806 985 uirum,
833 911 925 988 magis
948 909 1131 989 imperatoris
1152 912 1202 970 de-

173 1012 311 1076 5fectum
326 1010 452 1071 consilio
466 1030 556 1087 quam
570 1009 678 1070 uirtute
699 1010 873 1070 destitutum
893 1008 1019 1069 militum
1040 1030 1072 1069 se
1091 1007 1201 1085 magni-

199 1108 484 1185 ficentissimumque
514 1107 677 1185 perdidisse
705 1106 872 1168 exercitum.
917 1127 985 1167 cum
1010 1106 1041 1166 in
1066 1099 1229 1184 captiuos⁶

199 1205 361 1264 saeuiretur
381 1225 400 1264 a
414 1204 578 1278 Germanis,
595 1204 736 1282 praeclari
749 1203 887 1264 facinoris
901 1215 1004 1264 auctor
1018 1204 1072 1263 fuit
1087 1205 1200 1266 Caldus

200 1302 328 1376 Caelius,
343 1304 518 1362 adulescens
541 1313 687 1362 uetustate
707 1300 834 1360 familiae
848 1321 919 1360 suae
934 1299 1132 1378 dignissimus,
1148 1301 1200 1377 qui

200 1401 372 1474 complexus
393 1410 573 1472 catenarum,
589 1397 697 1475 quibus
716 1397 834 1458 uinctus
854 1409 923 1470 erat,
945 1397 1058 1471 seriem,
1075 1399 1115 1459 ita
1136 1401 1200 1461 illas

156 1515 186 1550 ro
200 1493 290 1554 inlisit
312 1495 401 1572 capiti
426 1515 489 1568 su0,
513 1507 546 1555 ut
568 1494 701 1573 protinus
723 1494 831 1572 pariter
853 1494 1003 1572 sanguinis
1028 1497 1200 1574 cerebrique

202 1593 351 1669 profluuio
365 1594 530 1671 exspiraret.

241 1694 355 1751 Eadem
378 1691 471 1751 uirtus
493 1703 522 1752 et
550 1693 668 1752 fortuna
695 1690 888 1768 subsequenti
916 1703 1050 1770 tempore
1077 1691 1199 1771 ingressi
1212 1708 1261 1750 121

200 1790 390 1850 Germaniam
410 1790 593 1868 imperatoris
614 1789 715 1851 Tiberi
733 1789 796 1863 fuit,
812 1809 889 1866 quae
904 1789 988 1850 initio
1002 1793 1104 1851 fuerat.
1148 1794 1200 1871 qui

198 1889 350 1949 concussis
365 1889 494 1950 hostium
512 1889 624 1950 uiribus
643 1888 771 1949 classicis
793 1888 987 1967 peditumque
1009 1890 1200 1966 expeditioni-

155 1999 183 2050 Ι5
198 1986 263 2059 bus,
286 2007 354 2046 cum
376 2007 421 2047 res
445 1986 606 2047 Galliarum
629 1985 774 2046 maximae
797 1985 883 2045 molis
905 2006 1090 2063 accensaque
1111 1990 1199 2066 plebe

198 2084 414 2145 Viennensium
437 2084 637 2146 dissensiones
660 2083 839 2144 coercitione
862 2083 954 2161 magis
982 2104 1072 2161 quam
1101 2107 1199 2163 poena

198 2183 348 2257 mollisset,
378 2194 497 2244 senatus
525 2185 713 2260 populusque
736 2186 892 2243 Romanus
920 2185 1088 2259 postulante
1116 2198 1198 2263 patre

197 2282 268 2356 eius,
284 2295 317 2343 ut
331 2303 460 2360 aequum
475 2283 502 2343 ei
525 2283 570 2342 ius
587 2282 618 2341 in
633 2281 773 2342 omnibus
787 2281 947 2359 prouinciis
962 2283 1198 2362 exercitibusque

196 2393 281 2455 esset,
292 2399 382 2458 quam
392 2393 453 2442 erat
461 2381 525 2458 ipsi,
536 2383 657 2442 decreto
666 2383 837 2459 complexus
847 2392 898 2440 est
916 2380 1026 2440 etenim
1035 2382 1197 2442 absurdum

153 2507 184 2541 20
197 2492 258 2540 erat
272 2500 334 2540 non
346 2501 413 2577 esse
427 2481 484 2540 sub
498 2479 557 2553 illo,
574 2500 651 2557 quae
668 2480 708 2539 ab
726 2479 777 2540 illo
796 2478 1033 2552 uindicabantur‚
1049 2492 1079 2540 et
1093 2480 1144 2557 qui
1158 2484 1197 2541 ad
1212 2507 1223 2540 2

197 2597 286 2654 opem
300 2579 452 2637 serendam
467 2577 579 2654 primus
601 2589 670 2651 erat,
686 2578 725 2636 ad
744 2575 959 2636 uindicandum
974 2578 1119 2638 honorem
1135 2598 1196 2637 non

231 2749 242 2780 1
261 2733 460 2794 inexuperabilis
474 2733 541 2793 (leis
552 2730 588 2792 P)
601 2731 655 2779 AP
742 2747 758 2779 2
775 2732 822 2779 uiti
834 2730 873 2780 B:
891 2730 938 2778 niti
949 2730 991 2780 A:
1010 2731 1048 2779 usi
1060 2732 1097 2781 P:
1116 2734 1197 2781 adiuti

196 2797 292 2846 Burer:
310 2799 358 2846 nisi
371 2798 405 2846 ed.
420 2797 538 2861 Biponl.:
559 2797 605 2845 iuti
618 2797 785 2858 Heinsiuscfl
804 2797 858 2846 Tac.
872 2795 943 2844 Ann.
957 2797 1038 2857 xiv.4
1104 2813 1197 2859 oppor-

197 2863 331 2912 tunitatem
338 2863 392 2911 ΑΡ
467 2878 483 2924 3
495 2870 651 2924 pepererunt
664 2862 716 2922 del,
726 2862 780 2910 dein
787 2876 912 2923 peperere
920 2861 945 2907 A
957 2879 962 2911 :
976 2877 1099 2922 aperuere
1110 2863 1197 2911 Come·

196 2928 267 2976 lr'ssen
313 2945 328 2989 4
340 2928 582 2989 grauem&b0neA
641 2929 743 2987 7seuir.
755 2933 778 2974 et
788 2928 867 2989 precl.
881 2927 906 2972 A
965 2927 1096 2976 8Coelius
1113 2928 1195 2991 (Cael.

196 2993 231 3052 P)
238 2994 271 3041 ad
283 3001 437 3042 uetustatem
451 2994 506 3055 ΑΡ,
521 2994 588 3056 quod
597 2993 701 3054 defendit
711 2993 832 3054 Wopkens
842 2991 904 3040 Leet.
921 2991 985 3042 Tull.
1001 2997 1013 3050 ς
1029 3007 1089 3054 134:
1109 2994 1196 3042 adule-

196 3075 272 3107 scens
294 3066 422 3107 uetustate
442 3058 582 3106 Ruhnken:
607 3074 674 3108 ac..
690 3094 696 3107 .
711 3058 851 3118 dignissimi
864 3056 965 3117 Lipsius
1061 3059 1195 3119 9saeriem

196 3125 221 3170 A
324 3140 351 3171 11
370 3126 495 3186 profluuio
510 3122 635 3174 Gelenius:
657 3125 683 3171 in
696 3125 773 3171 ssuuio
784 3123 852 3172 AP:
870 3123 973 3171 effluuio
985 3122 1086 3186 Lipsius
1150 3140 1196 3172 ex-

196 3189 263 3250 piret
277 3206 335 3238 corr.
349 3191 375 3236 in
391 3189 556 3251 expiraretA
659 3204 689 3236 12
706 3188 832 3236 eademA
845 3204 851 3236 τ
875 3189 964 3236 eadem
982 3188 1045 3236 etP
1156 3190 1196 3238 in-

196 3256 278 3315 gressi
288 3255 450 3303 Germaniam
460 3255 558 3302 Bardili
568 3255 655 3311 (1822)
662 3255 839 3316 pulchem'me:
856 3253 973 3314 ingressa
985 3255 1093 3302 animam
1106 3258 1195 3313 (mum

196 3319 230 3380 P)
243 3320 322 3367 ABP
435 3335 464 3381 13
482 3320 575 3367 Tiberii
589 3319 613 3366 A
617 3319 667 3366 BP
786 3334 814 3378 14
834 3320 964 3367 concussis
976 3318 1031 3377 det,
1044 3319 1097 3367 dein
1109 3321 1195 3368 alenam

195 3393 314 3447 suprascr.
330 3386 460 3434 concussis
472 3386 513 3434 A:
533 3385 647 3432 contusis
658 3383 782 3431 Ruhnken
790 3385 945 3446 probabiliter
1031 3399 1060 3444 15
1078 3400 1195 3434 accensa·

195 3466 246 3512 que
265 3451 339 3512 plebe
357 3450 392 3512 A,
419 3451 487 3513 quod
502 3451 619 3512 reuocaui,
641 3466 698 3496 eum
718 3449 802 3496 Burer
825 3454 925 3497 testatus
939 3449 972 3496 sil
993 3464 1151 3511 accensaque
1170 3453 1196 3500 in

196 3515 353 3563 Murhacensi
365 3518 456 3574 fuisse:
480 3531 651 3576 accensasque
674 3516 757 3576 plebis
779 3514 819 3563 P:
841 3514 922 3575 plebis
938 3515 1012 3562 eliam
1034 3513 1115 3562 Burer
1134 3516 1197 3564 uidit

199 3583 228 3628 16
246 3583 377 3629 coertione
393 3581 451 3644 ΑΡ,
470 3597 527 3632 ever.
549 3581 662 3628 Gelenius
761 3582 790 3628 18
807 3596 916 3641 aequum
938 3580 961 3628 ei
981 3580 1020 3627 ius
1040 3579 1196 3630 Rhenanus:

196 3662 290 3708 equum
310 3649 365 3696 eius
384 3646 439 3693 ΑΡ
541 3646 674 3708 prouintiis
692 3645 718 3692 A
788 3661 818 3707 19
834 3661 909 3706 quam
929 3645 994 3696 AP:
1024 3653 1099 3707 atque
1122 3647 1198 3694 Orelli

196 3711 251 3772 ipse
264 3711 329 3762 AP:
358 3713 406 3774 ipsi
424 3711 579 3760 Rhenanus:
599 3711 661 3772 jort.
673 3727 750 3771 quam
767 3725 818 3772 quo
833 3717 888 3758 erat
904 3711 959 3771 ipse
1089 3713 1154 3772 copl.
1167 3713 1193 3758 A

196 3786 236 3826 est
247 3779 345 3839 scripsi:
357 3785 427 3826 esset
435 3776 493 3838 ΑΡ,
506 3784 528 3824 el
538 3778 571 3825 sr'c
576 3777 659 3823 Burer
666 3776 763 3823 uidetur
775 3776 863 3839 legisse.
901 3775 980 3838 Vulgo
994 3784 1019 3824 et
1033 3777 1131 3824 addunt
1138 3782 1198 3839 post

197 3844 327 3905 mollisset,
341 3843 458 3908 apodosin
470 3847 552 3890 aulem
556 3844 658 3904 saa'unt
668 3841 693 3889 in
707 3843 794 3890 urbem
807 3857 935 3902 reuersus,
947 3849 1023 3893 κ.τ.λ.

672 3947 718 3998 133
