3024 4568
425 458 471 516 IN
492 458 713 516 VELLEIVM
736 458 1023 519 PATERCVLVM

224 625 389 688 securitates,
411 623 511 676 eodem
534 633 676 692 postremo
700 624 841 677 reuolutus
870 633 920 678 est.
958 622 1124 678 Insolentius
1153 623 1222 676 hoc:
1287 637 1289 642 ·

224 719 316 778 potest
340 721 435 763 tamen
459 719 565 763 rectum
590 709 677 763 uideri
702 709 724 763 si
753 709 893 779 duplicem
921 710 1079 779 genetiuum
1108 708 1222 764 consilio

226 798 387 851 Paterculus
401 798 440 852 sic
454 797 538 852 iunxit
551 808 580 851 ut
594 798 795 852 adsonantibus
809 798 879 852 inter
896 816 925 852 se
937 799 1109 852 calamitatis
1120 799 1221 851 securi·
1245 809 1249 820 ·

224 887 293 938 tatis
305 885 395 952 magis
408 901 471 938 cum
481 885 608 954 emphasi
626 885 737 940 caderet
757 885 785 938 in
804 885 877 939 auris
890 886 1035 941 sententia.
1064 885 1167 940 Similis
1179 895 1221 939 est

224 971 301 1025 locus
314 970 329 1026 i.
343 986 367 1038 3.
379 975 495 1025 zamnia
504 973 554 1025 sub
563 990 657 1025 earum
669 972 812 1042 (persana)
822 974 874 1040 qui
883 973 934 1026 illa
946 977 1066 1042 tempere
1077 975 1221 1038 aisement,

223 1060 364 1112 deserunt.
402 1060 458 1114 Cic.
478 1061 513 1113 de
526 1061 542 1114 l.
555 1077 613 1128 agr.
627 1059 652 1115 ii.
664 1062 698 1114 68
717 1063 847 1114 contritae
864 1063 917 1129 qui
932 1078 1017 1131 agras
1029 1060 1155 1130 publicas
1171 1064 1224 1112 aut

223 1150 276 1216 qui
287 1151 469 1216 passessiones
486 1148 642 1202 inuide‘asas
657 1148 792 1216 tenebant,
806 1150 1021 1203 extimescebant.
1059 1151 1123 1202 Hoc
1141 1147 1223 1216 igitur

224 1234 304 1289 dicit:
323 1236 493 1288 calamitatis
501 1236 579 1305 freq.
598 1237 713 1289 mitium
725 1253 781 1288 esse
800 1235 827 1288 in
846 1235 1000 1301 securitate,
1020 1236 1073 1303 uel,
1086 1254 1104 1290 a
1119 1233 1221 1289 securi-

223 1321 288 1375 tatis
310 1317 386 1375 initio
407 1319 478 1390 (h.e.
495 1338 513 1374 a
532 1321 679 1376 securitate
698 1331 842 1392 tamquam
867 1321 954 1391 initio)
981 1323 1144 1392 plerumque
1163 1320 1222 1376 iieri

222 1407 327 1462 initium
341 1407 512 1464 calamitatis,

258 1497 334 1561 1184
353 1494 379 1548 id
392 1496 469 1548 Varo
482 1513 532 1565 per
549 1495 637 1549 uirum
650 1495 708 1549 eius
727 1495 817 1564 gentis
837 1496 947 1550 fidelem
964 1495 1085 1566 clarique
1101 1495 1221 1550 nominis
1239 1536 1242 1551 Α

224 1583 358 1650 Segesten
387 1581 523 1636 indicatur
547 1583 706 1651 postulabat
728 1581 812 1636 etiarn
833 1583 891 1635 iata
913 1581 1033 1637 consiliis
1055 1599 1221 1652 omnemque

223 1668 307 1721 animi
336 1668 395 1722 eius
423 1668 512 1722 aciem
536 1678 740 1738 praestruxerat
768 1668 869 1738 quippe
893 1669 931 1722 ita
957 1686 987 1723 se
1011 1687 1055 1724 res
1083 1670 1167 1723 habet
1192 1679 1222 1723 ut

223 1755 385 1826 plerumque
411 1755 456 1825 qui
480 1755 620 1810 fortunam
643 1755 797 1809 imitaturus
822 1756 891 1810 deus
920 1755 1032 1809 consilia
1063 1767 1221 1825 corrumpat

224 1842 378 1912 efficiatque
391 1843 466 1911 quod
479 1842 662 1896 miserrimum
676 1851 718 1896 est
731 1852 760 1896 ut
773 1843 848 1913 quod
866 1842 966 1896 accidit
979 1853 1006 1897 et
1023 1842 1106 1896 etiam
1123 1842 1221 1897 merito

223 1929 356 1982 accidisse
369 1929 495 1990 uideatur
506 1939 533 1983 et
546 1945 627 1982 casus
640 1928 667 1982 in
681 1929 791 1998 culpam
804 1937 935 1984 transeat.
949 1929 985 1984 A.

257 2024 411 2069 mutaturus
429 2017 464 2070 P.
535 2024 563 2069 et
583 2022 647 2067 ante
668 2015 751 2068 etiarn
768 2033 819 2070 aen.
838 2017 873 2080 P,
885 2017 983 2069 Burer
998 2016 1148 2070 adnotauit
1166 2015 1223 2070 ‘ex.

224 2113 278 2158 uet.
292 2103 374 2157 habet
394 2113 421 2164 et
439 2103 522 2156 etiarn
541 2102 639 2158 merito
651 2103 792 2171 accidisse,
805 2105 856 2158 &c
868 2121 921 2171 ego
940 2105 1089 2173 legendum
1107 2114 1175 2174 puto
1193 2104 1221 2158 id

222 2190 321 2245 etiam!
393 2190 419 2244 in
433 2192 628 2260 culpaBurer.

258 2278 324 2331 Post
330 2278 495 2347 postulabat
505 2280 589 2331 etiam
606 2277 764 2332 exciderunt
783 2279 925 2345 nonnulla,
938 2295 1009 2348 quae
1023 2297 1056 2333 ex
1069 2281 1137 2334 Tac.
1147 2280 1222 2334 Ann.

220 2365 238 2418 i.
252 2365 285 2433 58
306 2365 473 2419 Aminiam
495 2366 576 2434 apud
601 2366 713 2430 Varum,
733 2369 863 2434 quitum
888 2368 1024 2420 exercitui
1037 2367 1222 2435 praesidebat,

222 2471 300 2506 reum
317 2454 385 2523 feci.
420 2453 528 2506 dilatus
557 2456 677 2523 segnitia
701 2453 787 2520 duas,
811 2456 880 2522 quia
899 2459 1007 2524 parum
1026 2455 1168 2524 praesidii
1190 2457 1222 2508 in

222 2542 327 2611 legibus
344 2547 412 2604 erat,
432 2547 465 2593 ut
482 2558 525 2593 me
541 2547 568 2592 et
579 2541 746 2594 Arminium
764 2547 791 2592 et
807 2543 926 2594 conscias
944 2543 1064 2595 uincire!
1070 2542 1222 2611 flagitasti,

223 2627 262 2681 sic
279 2637 395 2696 possunt
415 2625 538 2695 suppleri
562 2625 680 2694 [uinciri
701 2629 826 2681 conscias.
848 2625 899 2678 sed
914 2627 1118 2694 praeualebant
1140 2626 1222 2696 iam],

222 2731 256 2766 ex
278 2712 377 2782 quibus
396 2711 492 2766 ultima
511 2712 563 2766 tria
580 2710 636 2764 iarn
655 2711 785 2766 Gelenius
803 2710 928 2766 ediderat
947 2711 974 2764 in
993 2712 1037 2767 ed.
1057 2711 1122 2766 anni
1144 2715 1221 2783 1546,

217 2789 437 2868 praestruiserat
448 2798 523 2852 idem
536 2797 668 2853 Gelenius
682 2797 796 2851 correxit
811 2797 837 2850 in
846 2801 1104 2867 praestrinxerant.
1208 2799 1211 2807 '

260 2887 293 2939 ln
312 2885 490 2956 sequentibus
509 2884 661 2940 Thomasio
680 2884 829 2951 adsentior,
848 2891 876 2939 et
892 2889 977 2940 etiam
991 2887 1017 2940 in
1041 2888 1221 2942 Murbacensi

222 2974 307 3029 luisse
320 2991 383 3028 curn
392 2974 476 3028 etiarn
491 2976 579 3028 Burer
591 2984 714 3038 testetur,
725 2980 815 3027 etnon
825 2992 886 3028 esse
896 2976 1110 3043 neglegendum,
1122 2993 1221 3046 quam·

222 3062 264 3116 uis
277 3062 305 3115 in
318 3061 403 3115 dubio
419 3061 453 3115 sit
470 3079 504 3114 ex
522 3078 577 3131 quo
594 3071 752 3130 corruptum
770 3061 856 3117 fuerit.
884 3061 1004 3116 Kritzius
1022 3080 1073 3132 pro
1090 3081 1124 3116 eo
1136 3063 1223 3118 edidit

222 3153 249 3203 ei
257 3168 263 3204 :
276 3149 357 3203 nimis
367 3149 463 3218 opinor
471 3149 577 3218 frigide.
597 3151 687 3204 Multo
695 3149 863 3219 probabilius
873 3152 962 3204 Burer
969 3151 1003 3204 id
1009 3151 1088 3217 coni,
1098 3169 1149 3206 nec
1158 3169 1221 3206 raro

222 3245 249 3290 et
260 3239 294 3291 id
304 3238 486 3292 confuderunt
500 3237 600 3292 librarii
615 3237 747 3292 codicum.
787 3238 842 3292 Sed
855 3238 933 3292 aliter
949 3239 1148 3308 expediendam
1162 3257 1221 3294 rern

224 3326 323 3378 credo:
349 3323 491 3392 scripsisse
513 3325 587 3378 enim
609 3325 785 3378 Paterculum
808 3325 968 3394 efficiatque,
992 3326 1080 3394 (quad
1096 3329 1220 3379 miserri-

222 3429 299 3465 mum
312 3409 372 3479 est‚)
385 3412 463 3479 quad
472 3412 573 3464 accidit
584 3418 618 3464 ut
628 3413 712 3464 ettam
725 3414 823 3465 merita
835 3413 965 3466 accidisse
976 3413 1115 3467 ue'cleatur.
1144 3415 1220 3466 Nam

223 3499 309 3553 inlato
321 3507 384 3567 post
397 3497 542 3552 relatiuum
555 3499 676 3564 demum,
691 3507 720 3551 ut
734 3499 772 3565 fit,
787 3505 826 3565 ut,
839 3499 903 3568 quia
916 3498 1077 3553 insolentius
1089 3499 1117 3552 id
1131 3499 1220 3552 uisum

223 3597 275 3652 est,
289 3584 458 3655 transposita
471 3584 603 3654 particula
613 3595 678 3639 ante
691 3585 845 3654 relatiuum,
859 3596 962 3652 tamen,
973 3585 1018 3640 ubi
1032 3597 1105 3640 stare
1118 3587 1222 3640 debue-

223 3684 273 3739 rat,
289 3671 422 3741 superfuit
442 3672 500 3726 eius
519 3671 674 3740 uestigium,
692 3671 852 3743 factumque
870 3682 912 3727 est
930 3691 964 3727 ex
981 3674 1059 3742 quad
1071 3673 1173 3728 accidit
1189 3680 1225 3728 ut

222 3764 306 3815 etiam
319 3761 373 3812 hoc
386 3759 462 3828 quod
476 3758 578 3812 scimus
591 3757 618 3811 in
633 3758 725 3812 Murb.
737 3758 822 3812 inisse
835 3764 868 3812 at
879 3759 957 3827 quad
965 3760 1065 3814 accidit
1076 3766 1103 3813 et
1114 3762 1207 3813 etaiam.

260 3851 293 3902 ln
306 3847 358 3901 illis
370 3849 423 3916 qui
424 3848 578 3918 fortunam
591 3849 757 3900 imitaturus
768 3847 844 3912 deus,
858 3846 938 3901 solito
951 3865 1042 3903 errore
1054 3850 1223 3903 imitaturus

702 3946 746 4009 185
