3010 4520
580 415 735 474 VELLEI
757 413 998 476 PATERCVLI

266 602 279 650 5
294 584 325 642 in
336 582 434 660 ipsum
448 582 547 660 potius
562 582 687 643 saeuiret
701 603 792 661 quam
811 583 842 643 in
859 604 921 645 rem
940 583 1099 662 publicam.
1143 603 1221 661 quae
1234 603 1294 645 uox

295 680 387 741 ueluti
406 682 526 741 oraculo
545 680 653 741 emissa
673 701 781 758 magna
794 692 877 758 parte
896 701 965 742 eurn
985 681 1123 760 spoliauit
1143 682 1293 760 sanguinis

295 778 358 837 sui:
380 797 450 837 nam
464 780 589 840 alterum
604 799 640 838 ex
654 778 723 853 suis,
739 799 815 856 quos
832 779 863 838 in
882 779 994 839 familia
1011 779 1178 853 retinuerat,
1194 780 1294 840 liberis

294 886 364 935 ante
384 895 496 953 paucos
517 875 667 953 triumphi,
690 879 815 937 alterum
836 888 904 954 post
925 877 1080 954 pauciores
1100 877 1199 938 amisit
1219 877 1291 940 dies

266 989 281 1037 6
294 992 398 1049 aspera
412 972 489 1034 circa
502 975 577 1033 haec
591 984 726 1051 tempora
740 994 865 1034 censura
884 975 971 1035 Fului
991 975 1090 1036 Flacci
1104 986 1134 1035 et
1148 975 1294 1036 Postumii
1308 1001 1321 1049 5

295 1068 398 1129 Albini
412 1069 466 1129 fuit
478 1093 484 1129 :
506 1070 617 1148 quippe
629 1071 717 1130 Fului
731 1071 862 1132 censoris
876 1074 971 1146 frater,
984 1082 1014 1133 et
1025 1073 1147 1150 quidem
1162 1093 1292 1146 consors,

296 1169 350 1228 Cn.
368 1167 490 1228 Fuluius
505 1179 610 1228 senatu
624 1179 724 1229 motus
737 1180 782 1229 est
796 1170 835 1229 ab
849 1169 884 1230 iis
899 1170 1080 1230 censoribus.

254 1281 282 1322 11
336 1249 407 1326 Post
421 1265 534 1325 uictum
556 1277 737 1344 captumque
754 1270 872 1340 Persen,
889 1267 941 1345 qui
961 1268 1158 1345 quadriennio
1176 1279 1245 1346 post
1263 1267 1294 1327 in

295 1363 386 1423 libera
407 1363 543 1424 custodia
556 1364 652 1424 Albae
667 1364 802 1438 decessit,
819 1365 1091 1443 Pseudophilippus
1104 1386 1123 1426 a
1137 1365 1295 1426 mendacio

295 1460 449 1521 simulatae
473 1461 593 1538 originis
617 1464 791 1539 appellatus,
810 1463 862 1540 qui
887 1483 919 1523 se
944 1462 1115 1540 Philippum
1138 1463 1294 1541 regiaeque
1310 1488 1342 1522 ιο

295 1559 392 1636 stirpis
419 1559 540 1633 ferebat,
564 1579 633 1620 cum
658 1571 735 1620 esset
759 1560 889 1634 ultimae,
912 1561 1001 1622 armis
1026 1572 1171 1638 occupata
1196 1564 1295 1620 Mace-

296 1656 394 1731 donia,
409 1657 575 1735 adsumptis
597 1658 679 1735 regni
695 1657 869 1736 insignibus,
885 1657 969 1719 breui
990 1659 1161 1720 temeritatis
1182 1678 1295 1736 poenas

269 1755 396 1815 2dedit:
418 1755 533 1832 quippe
544 1757 581 1831 Q.
599 1759 740 1817 Metellus
758 1768 884 1833 praetor,
900 1757 948 1818 cui
969 1777 1005 1817 ex
1026 1756 1135 1817 uirtute
1154 1758 1296 1830 Macedo

297 1852 355 1912 nici
370 1872 481 1912 nomen
495 1852 624 1913 inditum
638 1859 735 1928 †erat,
750 1857 900 1931 praeclara
912 1855 1037 1915 uictoria
1054 1855 1151 1932 ipsum
1166 1865 1296 1931 gentem-

297 1970 355 2026 que
369 1949 527 2026 superauit,
542 1962 573 2010 et
586 1951 699 2012 inmani
713 1952 803 2012 etiam
817 1954 955 2014 Achaeos
972 1952 1114 2014 rebellare
1127 1951 1295 2029 incipientis
1311 1977 1340 2026 15

270 2047 373 2110 3fudit
390 2047 467 2107 acie.
511 2047 561 2108 hic
585 2060 630 2108 est
655 2051 795 2110 Metellus
822 2050 1046 2124 Macedonicus,
1076 2050 1128 2128 qui
1155 2049 1294 2127 porticus,

224 2157 225 2162 ’
298 2164 374 2221 quae
393 2145 511 2204 fuerunt
532 2144 733 2206 circumdatae
754 2147 871 2207 duabus
885 2147 1011 2209 aedibus
1026 2148 1090 2209 sine
1104 2146 1295 2224 inscriptione

296 2241 409 2319 positis,
432 2262 509 2319 quae
529 2262 610 2303 nunc
632 2243 776 2304 Octauiae
796 2244 959 2320 porticibus
980 2245 1160 2319 ambiuntur,
1178 2247 1295 2317 fecerat,

298 2339 409 2416 quique
429 2341 517 2425 hanc.
529 2351 656 2400 turmam
674 2352 836 2402 statuarum
858 2342 1047 2419 equestrium,
1071 2362 1148 2420 quae
1168 2345 1296 2403 frontem

297 2436 417 2497 aedium
453 2447 596 2514 spectant,
625 2437 777 2516 hodieque
805 2439 967 2500 maximum
995 2451 1204 2501 ornamentum
1233 2438 1296 2498 eius
1312 2465 1342 2498 ιο

268 2534 364 2607 4loci,
388 2554 425 2594 ex
449 2534 631 2595 Macedonia
658 2535 771 2596 detulit.
826 2536 910 2598 cuius
935 2549 1050 2598 turmae
1074 2539 1152 2598 hanc
1176 2556 1296 2596 causam

297 2633 434 2705 referunt,
458 2634 603 2709 Magnum
626 2634 829 2694 Alexandrum
848 2633 1021 2712 impetrasse
1040 2655 1060 2694 a
1081 2633 1220 2711 Lysipp0,
1241 2632 1298 2693 sin-

297 2728 389 2806 gulari
411 2728 514 2788 talium
538 2740 659 2790 auctore
683 2751 816 2808 operum,
841 2742 873 2791 ut
897 2752 1001 2792 eorum
1024 2731 1167 2808 equitum,
1188 2730 1240 2807 qui
1262 2750 1298 2790 ex

297 2827 389 2904 ipsius
414 2838 511 2886 turma
533 2829 615 2904 apud
638 2828 801 2889 Granicum
823 2831 936 2890 flumen
960 2828 1137 2903 ceciderant,
1161 2847 1298 2906 expressa

298 2924 492 2985 similitudine
510 2927 669 3002 figurarum
690 2929 801 2987 faceret
820 2937 930 2987 statuas
951 2938 980 2987 et
1002 2927 1096 3004 ipsius
1119 2945 1240 3012 quoque
1261 2924 1297 2985 iis
1312 2954 1341 3004 ²5

269 3023 504 3100 5interponeret.
537 3023 586 3083 hic
605 3023 686 3084 idem
707 3024 820 3102 primus
838 3023 974 3085 omnium
995 3027 1112 3084 Romae
1133 3025 1240 3084 aedem
1261 3043 1297 3084 ex

298 3139 443 3180 memore
464 3119 549 3180 iniis
568 3119 640 3197 ipsis
660 3122 853 3183 monimentis
872 3122 993 3184 molitus
1011 3124 1100 3182 huius
1118 3123 1167 3182 uel
1187 3121 1298 3199 magni-

333 3276 474 3324 1saeuiret
490 3275 515 3324 Α
527 3292 534 3324 t
559 3275 690 3324 saeuirent
706 3277 732 3325 P
827 3292 894 3339 3ex
912 3278 943 3326 iis
962 3277 1056 3341 Aldus,
1075 3294 1110 3326 an
1129 3277 1215 3326 liberis
1231 3278 1298 3341 glos·

297 3356 366 3389 sema
382 3341 439 3391 ast?
529 3340 705 3401 5Posthumii
721 3343 748 3390 P
825 3343 926 3392 Musei
942 3344 988 3392 suit
1004 3343 1030 3390 A
1131 3343 1298 3405 8quadrien·

298 3407 343 3454 nio
359 3406 426 3456 BA:
452 3407 649 3468 quadriennium
667 3407 693 3455 P
810 3409 872 3471 9P.
885 3411 967 3458 seudo
984 3409 1115 3472 philippus
1129 3408 1154 3456 Α
1267 3420 1297 3455 12

298 3471 439 3533 adsumptis
467 3473 526 3522 coni.
555 3472 652 3521 Bumrz
682 3473 809 3534 adsumpti
832 3474 901 3522 AP:
932 3476 1068 3524 umentis
1090 3473 1145 3538 (sic)
1173 3480 1296 3535 suprascr.

298 3537 484 3586 temeritatisA
577 3552 607 3599 13
625 3537 717 3588 PR.A
811 3554 840 3600 14
857 3546 913 3588 erat
924 3539 970 3591 del.
980 3539 1108 3590 Gelenius:
1125 3544 1165 3587 est
1180 3537 1297 3587 Vossius:

298 3602 426 3651 inditurus
455 3610 510 3651 erat
537 3603 579 3663 (sc.
604 3602 851 3670 Pseudophilippus>
879 3604 1038 3654 Mommsen:
1070 3604 1125 3652 indi
1152 3603 1231 3652 latum
1259 3604 1300 3651 uel

299 3668 452 3717 destinatum
464 3674 519 3716 erat
534 3669 644 3718 Thomas
741 3684 771 3731 15
787 3671 867 3718 lmani
877 3671 903 3719 A
916 3688 923 3721 ι
940 3672 1009 3721 imm.-
1020 3670 1046 3719 P
1108 3669 1263 3731 incipientes
1274 3669 1300 3717 P

302 3749 330 3795 17
348 3734 452 3783 suerunt
473 3732 517 3781 A:
545 3734 617 3784 suere
639 3735 665 3784 P
778 3751 810 3784 aa
829 3736 971 3798 imperasse
993 3736 1155 3800 Lysippo..
1175 3735 1297 3784 ,auctori

299 3799 445 3849 Salmasius
460 3803 482 3848 et
495 3799 646 3850 Freinsheim
758 3817 790 3863 24
808 3801 930 3852 Granium
945 3802 970 3850 A
1072 3815 1103 3862 27
1121 3815 1231 3850 monum
1245 3798 1300 3847 ΑΡ

300 3865 375 3916 huius
392 3863 450 3916 add.
462 3864 589 3915 Ruhnken

783 3957 814 3994 10
