2996 4520
608 439 737 498 LIBER
758 439 791 498 11

199 610 341 668 aduersus
383 607 487 668 merita
528 607 662 669 Caesaris
699 605 928 684 ingratissimum
966 605 1199 684 participemque

200 705 298 766 caedis
321 705 391 779 eius,
415 726 434 765 a
458 725 518 782 quo
542 705 606 784 ipse
630 704 661 765 in
686 707 840 765 consulare
864 717 1022 782 prouectus
1050 704 1198 782 fastigium

199 805 310 878 fuerat,·
339 815 369 863 et
391 804 425 864 C.
450 802 570 865 Cassius
594 801 724 879 acceptis
748 822 767 861 a
788 801 882 862 Statio
908 804 1015 862 Murco
1039 812 1069 862 et
1092 801 1224 879 Crispoa

200 900 323 974 Marcio,
352 899 504 978 praetoriis
531 899 601 960 uiris
634 899 928 976 imperatoribusque,
962 898 1139 976 praeualidis
1166 899 1198 959 in

169 997 280 1074 asyria
300 997 475 1075 legionibus,
498 997 646 1057 inclusum
675 997 872 1070 Dolabellam,
902 995 954 1073 qui
981 1008 1198 1074 praeoccupata

197 1093 270 1155 Asia
294 1093 324 1154 in
349 1094 462 1172 Syriam
489 1105 671 1172 peruenerat,
696 1093 856 1154 Laodiciae
880 1104 1046 1171 expugnata
1067 1113 1103 1154 ea
1125 1093 1198 1154 urbe

197 1194 273 1252 obire
286 1194 395 1252 fecerat
410 1191 464 1272 (ita
477 1203 585 1264 tamen,
601 1203 634 1250 ut
652 1193 692 1251 ad
705 1190 798 1251 ictum
812 1189 890 1252 serui
903 1189 949 1250 sui
964 1190 1122 1251 Dolabella
1135 1211 1197 1251 non

198 1289 324 1367 segniter
338 1289 485 1350 ceruicem
498 1287 594 1368 daret)
609 1300 639 1349 et
653 1291 758 1349 decem
773 1288 904 1365 legiones
923 1287 953 1348 in
976 1308 1013 1348 eo
1035 1279 1129 1348 tractu
1152 1288 1198 1350 sui

198 1387 267 1447 iuris
286 1389 413 1461 fecerat;
440 1397 471 1446 et
493 1388 535 1445 M.
560 1389 668 1445 Brutus
692 1372 732 1447 Cf
742 1384 886 1458 Antonio,
908 1384 988 1446 fratri
1011 1387 1054 1444 M.
1073 1385 1226 1458 Antoni,3

155 1506 184 1540 ιο
198 1485 228 1544 in
245 1484 424 1544 Macedonia
435 1482 616 1559 Vatinioque
630 1482 708 1543 circa
719 1481 916 1560 Dyrrachium
927 1482 1055 1544 uolentis
1066 1483 1197 1560 legiones

197 1593 357 1642 extorserat
379 1581 445 1661 (sed
469 1580 635 1640 Antonium
659 1581 738 1641 bello
760 1581 935 1654 lacessierat,
961 1580 1114 1641 Vatinium
1137 1581 1198 1658 dig-

197 1679 318 1740 natione
332 1680 477 1751 obruerat,
488 1699 556 1738 cum
571 1689 601 1738 et
616 1682 724 1739 Brutus
733 1679 855 1740 cuilibet
865 1681 977 1740 ducum
987 1681 1197 1756 praeferendus

197 1775 346 1837 uideretur
359 1787 389 1836 et
399 1775 536 1835 Vatinius
550 1775 623 1835 nulli
638 1775 752 1836 homini
766 1796 828 1836 non
843 1787 920 1836 esset
934 1777 1149 1853 postferendus,
1165 1777 1196 1838 in
1209 1803 1226 1852 4

197 1894 257 1951 quo
285 1873 455 1935 deformitas
471 1872 610 1951 ‘corporis
639 1893 707 1933 cum
736 1872 917 1950 turpitudine
945 1874 1075 1934 certabat
1097 1874 1197 1952 ingeni

153 1991 182 2040 15
196 1974 273 2033 adeo
287 1983 320 2032 ut
333 1971 450 2032 animus
464 1970 527 2031 eius
538 1970 712 2048 dignissimo
723 1969 876 2031 domicilio
890 1970 1020 2032 inclusus
1035 1971 1196 2053 uideretur)

197 2080 318 2147 eratque
346 2081 459 2146 septem
484 2068 650 2146 legionibus
673 2068 797 2129 ualidus.
841 2081 872 2128 at
894 2071 958 2146 lege
980 2069 1080 2144 Pedia,
1104 2091 1223 2148 quam5

196 2170 300 2228 consul
322 2166 431 2229 Pedius
455 2169 568 2244 collega
591 2165 724 2228 Caesaris
747 2168 860 2240 tulerat,
881 2166 1029 2241 omnibus,
1050 2167 1101 2245 qui
1123 2171 1196 2231 Cae·

195 2285 289 2325 sarem
312 2276 425 2342 patrem
448 2264 661 2337 interfecerant,
677 2283 755 2340 aqua
776 2263 897 2340 ignique
918 2264 1092 2328 †damnatis
1109 2265 1196 2327 inter-

194 2361 308 2423 dictum
323 2373 401 2422 erat:
424 2381 484 2438 quo
499 2372 632 2438 tempore
647 2359 763 2437 Capito,
779 2372 900 2437 patruus
915 2381 1007 2435 meus,
1024 2361 1069 2421 uir
1083 2362 1195 2424 ordinis

152 2481 181 2514 ιο
195 2458 341 2532 senatorii,
357 2457 505 2536 Agrippae
522 2457 695 2534 subscripsit
713 2457 743 2516 in
764 2459 798 2519 C.
815 2457 960 2519 Cassium.
1004 2461 1137 2535 dumque
1159 2471 1223 2520 ea6

195 2556 225 2614 in
254 2555 340 2616 Italia
367 2566 514 2633 geruntur,
540 2554 600 2614 acri
623 2565 713 2631 atque
740 2554 938 2631 prosperrimo
966 2556 1045 2616 bello
1074 2556 1194 2617 Cassius

196 2657 349 2727 Rhodum,
378 2671 440 2713 rem
474 2651 603 2712 inmanis
637 2651 742 2729 operis,
779 2664 905 2730 ceperat,
943 2656 1051 2713 Brutus
1087 2653 1194 2731 Lycios

195 2752 352 2826 deuicerat,
382 2763 412 2812 et
438 2750 509 2811 inde
536 2749 567 2808 in
596 2749 808 2810 Macedoniam
836 2750 979 2810 exercitus
1012 2750 1192 2826 traiecerant,
1266 2782 1268 2786 ·

195 2871 264 2910 curn
278 2869 331 2927 per
345 2849 446 2910 omnia
459 2867 626 2926 repugnans
640 2860 762 2907 naturae
776 2868 847 2908 suae
866 2847 986 2910 Cassius
1006 2848 1095 2909 etiam
1110 2849 1194 2910 Bruti

228 3021 243 3067 3
261 3005 343 3054 Statio
359 3004 476 3054 Vrsinus:
496 3003 566 3052 Staio
579 3003 617 3052 P:
635 3003 698 3051 Caio
711 3006 764 3065 (stc)
777 3003 803 3050 A
870 3020 886 3065 4
905 3004 996 3052 Martio
1007 3003 1034 3051 A
1085 3005 1193 3066 impera-

195 3073 292 3119 toribus
301 3071 344 3132 qui
355 3069 414 3131 ΑΡ,
424 3085 469 3117 em.
479 3067 637 3116 Bonhomma
750 3069 768 3115 ⁶
785 3067 903 3116 Laodicia
910 3067 979 3118 BA:
1001 3069 1190 3133 LaodiceamR

194 3153 241 3185 em.
257 3135 318 3184 Voss
366 3141 498 3195 expugnat
508 3133 559 3181 BA
571 3152 577 3183 :
595 3133 779 3196 expugnataP
869 3134 972 3195 7obire
984 3135 1078 3184 fecerat
1092 3137 1193 3200 scripsi:

195 3202 291 3250 fecerat
303 3200 364 3257 ΑΡ,
383 3201 450 3262 quod
464 3200 611 3247 uocabulum
628 3199 673 3250 del.
694 3199 722 3249 G.
736 3199 774 3249 A.
785 3199 871 3248 Koch:
894 3201 1055 3248 interfecerat
1073 3201 1112 3248 uel
1133 3217 1193 3250 con·

196 3268 292 3316 fecerat
307 3267 461 3314 Rhmanus:
484 3266 517 3314 ad
531 3273 639 3312 mortem
655 3272 744 3326 egerat
757 3265 867 3314 Bemdt:
893 3267 957 3314 mori
972 3274 1092 3325 coegerat
1105 3265 1194 3315 Novak

195 3336 227 3381 ad
241 3333 317 3381 ictum
325 3331 479 3379 Rhenanus:
491 3330 617 3378 adiectum
625 3329 679 3378 ΑΡ
729 3348 745 3393 9
757 3330 864 3378 Antonii
870 3330 924 3379 ΑΡ
976 3345 1006 3378 ιο
1016 3331 1155 3392 Atinioque
1164 3331 1191 3379 A

196 3399 306 3446 uolentis
328 3396 398 3445 BA:
425 3395 554 3444 uoluentis
575 3395 615 3443 P:
638 3395 737 3444 uolenti
757 3395 860 3443 Vrsinus
960 3412 987 3444 11
1007 3395 1122 3444 Vatinius
1140 3396 1196 3445 ΑΡ

198 3479 228 3525 13
245 3463 307 3511 nulli
325 3463 368 3510 nbi
381 3461 487 3524 (nomini
498 3460 533 3522 P)
546 3476 599 3508 non
610 3459 679 3510 AP:
698 3461 761 3508 nulli
778 3461 875 3508 homini
893 3477 945 3509 non
956 3460 1044 3509 Aldus
1060 3462 1104 3524 qut'
1118 3463 1192 3510 etiam

196 3530 259 3592 nulli
276 3544 336 3577 non.
374 3525 492 3574 ‘Tradita
509 3527 574 3574 lectio
590 3525 685 3573 adhoc
703 3525 907 3575 ur'drturducm:
925 3526 987 3573 nulli
1003 3529 1067 3593 no[n
1079 3528 1191 3592 ho]mini

195 3610 256 3654 non,
273 3591 397 3656 superfluo
410 3592 485 3639 allero
502 3607 561 3654 non,
580 3591 687 3639 arbitror
694 3593 832 3655 posten'on,
848 3591 981 3653 quodiam
997 3591 1070 3639 delere
1078 3601 1132 3656 par
1143 3594 1191 3641 est*

199 3658 316 3722 Thomas,
329 3657 533 3720 itaquepraetuh'l
544 3657 606 3705 nulli
619 3673 671 3704 non
680 3658 778 3705 homini
786 3664 855 3705 esset
865 3673 889 3718 p.
957 3671 986 3716 14
998 3660 1110 3718 corporis
1121 3657 1172 3706 BA
1185 3676 1191 3708 ι

195 3723 283 3772 om.P
359 3723 457 3783 ingenii
467 3722 522 3771 ΑΡ
619 3735 648 3782 15
667 3723 796 3770 uideretur
806 3721 861 3768 ΑΡ
948 3724 978 3769 16
995 3730 1021 3771 at
1034 3723 1148 3785 Lipsius:
1165 3732 1191 3773 et

195 3787 262 3838 AP:
280 3789 325 3837 sed
337 3789 455 3902 {mysn'g
555 3789 584 3836 18
602 3789 727 3837 damnatis
739 3794 803 3836 ‘non
817 3787 959 3836 desiderares
974 3788 997 3836 si
1006 3788 1106 3836 abesset'
1118 3789 1192 3837 Kritz

195 3871 225 3904 ar
244 3857 327 3917 adque

678 3931 709 3996 8⁵
