2996 4520
608 443 763 502 vasum
785 399 1025 503 Puruacvur

322 588 468 666 praetorio
482 591 583 663 iuerat,
599 589 690 667 ipsius
704 592 850 650 aduentus
865 589 966 666 uigore
979 609 1015 678 ac
1028 590 1141 666 fulgore
1155 585 1329 665 occupatus

322 709 354 748 se
369 689 488 751 Caesari
502 689 621 750 tradidit
631 711 639 763 3
660 700 818 766 utrumque
834 691 997 765 legatorum
1018 698 1048 747 et
1069 686 1201 765 quisquis
1223 685 1318 747 cuius·

322 806 380 864 que
395 787 506 848 ordinis
520 786 604 865 sequi
618 808 670 848 eos
684 789 825 860 uoluerat,
841 785 952 846 remisit
965 788 1005 846 ad
1020 785 1204 863 Pompeium.

209 951 210 954 Ἴ
269 901 302 961 51
363 883 501 944 Proximo
522 904 603 944 anno
625 886 697 944 dum
721 883 916 960 Dyrrachium
935 903 971 942 ac
989 882 1088 942 uicina
1106 881 1133 942 ei
1152 881 1219 941 urbi
1236 880 1317 958 regio

322 979 423 1040 castris
438 981 562 1058 Pompei
576 982 724 1055 retinetur,
736 981 788 1058 qui
801 980 902 1041 accitis
913 1001 949 1040 ex
963 980 1102 1041 omnibus
1117 979 1317 1040 transmarinis
1331 1004 1349 1052 5

322 1077 482 1153 prouinciis
493 1079 666 1157 legionibus,
679 1079 813 1157 equitum
823 1099 859 1138 ac
872 1079 1007 1156 peditum
1021 1077 1143 1152 auxiliis,
1156 1098 1318 1155 regumque

321 1183 350 1234 et
364 1178 573 1236 tetrarcharum
588 1176 735 1254 simulque
749 1177 937 1253 dynastarum
955 1175 1048 1252 copiis
1067 1175 1218 1235 inmanem
1241 1195 1318 1235 exer-

322 1271 414 1331 citum
438 1275 605 1333 confecerat
627 1285 656 1334 et
680 1293 760 1333 mare
784 1272 936 1350 praesidiis
961 1272 1107 1346 classium,
1130 1283 1163 1332 ut
1190 1272 1317 1346 rebatur,

302 1381 478 1446 saepserat,
493 1391 554 1448 quo
567 1369 677 1448 ,minus
700 1372 809 1432 Caesar
833 1369 963 1446 legiones
987 1380 1088 1446 posset
1112 1369 1316 1442 transmittere,

296 1487 376 1526 2sua
397 1477 427 1527 et
448 1467 596 1527 celeritate
619 1478 648 1526 et
670 1470 787 1526 fortuna
810 1467 844 1528 C.
869 1467 979 1528 Caesar
1001 1486 1071 1527 usus
1090 1465 1164 1525 nihil
1183 1465 1214 1524 in
1235 1485 1319 1525 mora
1334 1486 1368 1520 10

322 1565 433 1638 habuit,
450 1585 510 1642 quo
525 1565 623 1625 minus
640 1576 755 1625 etcum
772 1565 861 1624 uellet
880 1563 943 1641 ipse
958 1563 1160 1641 exercitusque
1175 1563 1318 1624 classibus

322 1661 496 1738 perueniret,
512 1672 541 1721 et
555 1661 650 1739 primo
664 1681 760 1739 paene
774 1660 875 1721 castris
890 1660 1015 1737 Pompei
1029 1681 1082 1721 sua
1096 1660 1236 1738 iungeret,
1249 1681 1318 1720 mox

322 1758 411 1818 etiam
426 1758 583 1818 obsidione
604 1758 856 1836 munimentisque
878 1779 947 1818 eum
970 1760 1221 1835 complecteretur.
1264 1760 1317 1819 sed

294 1873 308 1920 3
321 1855 423 1932 inopia
436 1855 642 1916 obsidentibus
657 1875 747 1933 quam
761 1855 890 1916 obsessis
904 1866 965 1916 erat
975 1855 1097 1932 grauior.
1131 1866 1194 1915 tum
1207 1856 1317 1916 Balbus

322 1950 478 2012 Cornelius
503 1955 664 2013 excedente
686 1955 847 2013 humanam
870 1954 960 2012 fidem
983 1951 1147 2012 temeritate
1170 1952 1317 2030 ingressus
1335 1975 1387 2034 15·

323 2058 416 2106 castra
435 2047 565 2108 hostium
584 2048 760 2126 saepiusque
775 2069 843 2108 cum
859 2051 987 2108 Lentulo
1004 2051 1168 2109 collocutus
1186 2052 1315 2124 consule,

321 2143 478 2204 dubitante
499 2145 602 2222 quanti
624 2166 655 2206 se
678 2147 828 2218 uenderet,
849 2145 904 2206 illis
927 2135 1115 2207 incrementis
1136 2147 1206 2208 fecit
1228 2147 1315 2222 uiam,

323 2239 431 2318 quibus
445 2261 507 2301 non
523 2241 731 2319 Hispaniensis
742 2253 836 2316 natus,
850 2245 903 2303 sed
918 2243 1081 2321 Hispanus,
1093 2243 1124 2304 in
1135 2244 1316 2322 triumphum

322 2347 352 2396 et
370 2336 576 2414 pontificatum
597 2339 766 2415 adsurgeret
788 2340 929 2416 fieretque
951 2361 988 2400 ex
1008 2339 1124 2417 priuato
1146 2342 1315 2402 consularis.

323 2433 467 2494 uariatum
482 2435 591 2495 deinde
608 2435 734 2512 proeliis,
750 2438 803 2496 sed
826 2457 887 2496 uno
909 2440 997 2515 longe
1016 2437 1108 2515 magis
1128 2440 1317 2518 Pompeianis
1334 2460 1364 2494 ιο

322 2550 472 2608 prosperO,
488 2553 548 2609 quo
562 2532 688 2609 grauiter
701 2532 820 2610 impulsi
833 2545 904 2593 sunt
918 2535 1052 2596 Caesaris
1067 2535 1181 2596 milites

270 2645 309 2704 52
362 2630 442 2687 Tum
465 2629 574 2690 Caesar
596 2650 664 2689 cum
687 2629 815 2690 exercitu
837 2632 956 2690 fatalem
975 2631 1116 2692 uictoriae
1137 2653 1208 2692 suae
1226 2635 1318 2694 Thes-

296 2724 424 2788 2saliam
447 2725 537 2801 petiit.
582 2726 750 2803 PompeiuS,
776 2729 864 2804 longe
889 2727 1005 2787 diuersa
1026 2729 1090 2788 aliis
1115 2730 1316 2803 suadentibus,

322 2842 449 2899 quorum
473 2822 606 2900 plerique
627 2823 828 2896 hortabantur,
852 2823 938 2887 utin
966 2825 1082 2885 Italiam
1110 2827 1318 2888 transmitteret

357 2990 368 3022 1
387 2976 498 3024 aduentu
507 2975 577 3025 AP:
594 2977 721 3025 aduentus
732 2977 844 3026 Gelenius
926 2992 938 3027 a
955 2985 1090 3040 utrumque
1100 2981 1197 3042 sm‘pu':
1209 2989 1317 3044 uterque

322 3039 376 3086 ΑΡ
461 3042 589 3101 gremisit
600 3041 654 3088 ΑΡ
736 3059 826 3102 4cum
836 3041 904 3092 AP:
922 3045 980 3092 dum
992 3045 1077 3106 scripsi
1124 3046 1316 3106 DyrachiumA

323 3105 407 3155 uicina
425 3105 466 3152 P:
488 3107 580 3156 uicinia
599 3106 653 3154 AB
760 3109 918 3172 5Pompeid
942 3110 994 3172 (sic)
1011 3110 1092 3171 fuisse
1110 3111 1137 3158 in
1156 3112 1317 3171 Murbacensi,

319 3176 411 3232 puncto
431 3171 518 3219 deletui
534 3172 703 3234 suprasm'plo,
720 3177 822 3220 testatur
837 3174 933 3223 Burer:
959 3175 1065 3236 Pompei
1082 3175 1125 3226 Ar
1152 3176 1275 3238 Pompeio
1294 3173 1321 3224 P

323 3250 379 3283 cum
397 3237 557 3285 obtineretur
572 3238 705 3288 Heius'us:
724 3237 768 3286 sed
781 3240 907 3287 retinetur
922 3245 957 3286 est
971 3241 998 3288 in
1014 3240 1094 3288 ΑΒΡ
1156 3248 1183 3289 et
1198 3250 1317 3304 suprascr.

324 3316 357 3348 ex
374 3301 401 3347 A
519 3318 532 3363 7
551 3310 576 3351 et
596 3302 653 3353 add.
676 3303 787 3351 Gelenius
859 3307 1030 3353 tetarcharum
1052 3304 1106 3353 AB
1178 3308 1252 3356 simul
1274 3307 1317 3358 A:

323 3366 447 3427 simulque
465 3366 515 3414 PB
624 3369 640 3415 8
657 3369 776 3430 praesidii
792 3368 832 3417 dis
844 3368 869 3415 A
937 3371 1067 3419 uirebatur
1085 3370 1111 3417 P
1127 3377 1150 3419 et
1167 3372 1203 3433 Α,
1222 3373 1266 3421 sed
1282 3373 1320 3421 lu'c
1340 3383 1342 3386 ’

323 3433 486 3495 suprascn'pto
497 3439 525 3481 ut
536 3433 644 3495 rebatur,
659 3434 725 3495 quod
734 3434 872 3481 Rhenanus
883 3437 942 3484 coni.
1021 3437 1207 3498 9sepseratA
1289 3454 1315 3486 11

325 3506 350 3543 et
369 3512 420 3557 quo
438 3498 584 3546 Aaiialius:
613 3515 645 3547 eo
662 3515 712 3561 quo
732 3499 815 3546 Halm
836 3504 878 3560 (eo
897 3501 951 3548 iam
971 3499 1041 3558 Voss)
1160 3519 1189 3564 14
1206 3504 1317 3552 obsessis

325 3568 379 3609 erat
395 3560 435 3610 P:
461 3563 607 3612 obsesserat
623 3563 648 3610 Α
762 3565 792 3610 16
809 3566 874 3614 conl.
891 3565 946 3612 ΑΡ
1009 3567 1115 3615 consule
1130 3567 1175 3617 A:
1201 3569 1275 3618 COS.
1295 3568 1321 3615 P

325 3626 354 3672 18
373 3627 556 3688 Hispaniensis
567 3628 683 3691 Laps'us:
701 3630 842 3690 Hispaniae
857 3631 935 3679 Asiae
947 3630 1014 3679 AP:
1032 3633 1165 3694 Hispanae
1183 3635 1318 3696 prosapiae

328 3691 443 3740 Thomas.
473 3693 555 3740 Bum
562 3695 692 3741 aduolauit
704 3695 783 3741 ‘mili
791 3695 920 3758 legandum
933 3697 1030 3744 uidetur
1038 3714 1091 3746 non
1101 3698 1244 3760 Hispaniae
1256 3715 1318 3748 suae

325 3755 431 3806 natus':
448 3773 501 3805 non
518 3758 651 3808 Romanus
663 3761 689 3808 in
702 3760 827 3821 Hispania
843 3769 917 3810 natus
927 3761 1015 3810 Novak

782 3925 837 3996 ,⁷⁰
