3024 4568
521 444 867 506 COMMENTARIVS
889 446 1087 510 CRITICVS

336 679 405 736 ⁵42
424 681 562 735 nusquam
585 675 644 720 erat
671 666 820 736 Pompeius
845 684 961 738 corpore
985 668 1079 724 adhuc
1099 669 1200 741 ubique
1223 633 1304 727 izrgge

300 751 424 806 nomine.
436 752 475 807 A.
895 797 897 802 .

334 841 372 894 Et
383 840 430 893 hic
443 839 613 909 praestantia
630 840 791 910 agnoscitur
802 841 958 912 apographi
966 843 1193 899 Amerbachiani.
1226 848 1303 900 Nam

298 926 326 980 in
339 928 366 980 Ρ
378 927 459 980 iubae
477 927 671 981 tantummodo
689 938 749 983 est:
776 928 805 981 in
817 929 845 982 A
860 929 1085 1004 'suprascriptum
1105 935 1181 1000 utho,
1198 933 1257 988 siue
1273 934 1302 990 id

298 1014 432 1084 superfuit
445 1032 478 1068 ex
491 1016 604 1068 uiuebat
617 1016 701 1085 (quae
714 1017 874 1071 emendatio
887 1027 930 1072 est
943 1016 1042 1088 Lipsii)
1057 1017 1116 1073 siue
1128 1037 1161 1074 ex
1173 1022 1301 1076 nomina·

296 1103 354 1158 tiuo
373 1106 463 1169 uiuos,
483 1104 557 1174 quod
575 1113 603 1159 et
623 1104 714 1174 ipsum
735 1123 792 1159 non
810 1107 894 1175 longe
911 1106 992 1160 abest
1009 1122 1026 1159 a
1044 1124 1118 1162 uero,
1157 1109 1188 1162 L.
1205 1127 1230 1162 v.
1249 1111 1300 1164 Ian

297 1189 409 1259 (Philol.
424 1191 461 1246 iii.
471 1208 498 1260 p.
512 1191 575 1259 341)
596 1191 727 1260 allegauit
740 1192 833 1246 locum
851 1192 969 1246 similem
982 1192 1126 1264 Euripidis
1142 1196 1235 1250 Orest.
1249 1211 1302 1264 390

295 1279 326 1332 τὸ
338 1282 413 1348 σῶμα
425 1279 549 1349 φροῦδον,
564 1280 592 1332 τὸ
606 1277 629 1332 δ’
641 1277 711 1348 ὄνομ’
725 1280 755 1333 ori
767 1279 876 1336 λέλοιπέ
887 1302 927 1348 με.

333 1380 371 1435 55
388 1381 398 1418 1
420 1383 539 1436 sequens
555 1367 694 1421 fortunam
710 1384 789 1422 suam
806 1369 911 1422 Caesar
926 1367 953 1421 in
969 1379 1116 1438 peruectus
1133 1368 1160 1422 in
1176 1369 1301 1426 Africam

296 1464 323 1508 et
341 1472 427 1525 quarn
451 1455 546 1509 occiso
567 1456 686 1510 Curione
708 1456 876 1510 tulianarum
898 1457 969 1510 duce
991 1457 1112 1526 partium
1134 1458 1300 1528 Pompeiani

297 1542 462 1597 obtinebant
484 1543 619 1598 exercitus
641 1543 679 1598 ibi
701 1542 790 1613 primo
809 1543 887 1598 uaria
903 1543 1044 1599 fortunam
1064 1545 1233 1614 expugnauit
1254 1546 1301 1601 uia

296 1630 501 1702 inclinataeque
513 1631 635 1686 hostiurn
649 1631 754 1701 copiae.
767 1631 806 1686 A.

332 1719 437 1773 Caesar
449 1728 596 1789 peruectus
606 1720 641 1787 P,
651 1737 703 1772 om.
714 1717 751 1772 in.
792 1717 918 1772 Africam
930 1735 1015 1788 quarn
1025 1721 1059 1787 Ρ,
1069 1737 1120 1775 om.
1133 1729 1169 1774 et.
1215 1721 1300 1775 Iulia-

295 1822 394 1859 narum
407 1806 440 1858 Ρ.

330 1897 357 1948 N
360 1913 398 1949 on
410 1905 486 1949 recte
504 1894 549 1949 hic
562 1896 640 1950 locus
652 1913 669 1948 a
681 1895 821 1965 plerisque
839 1895 939 1963 editur,
952 1913 988 1949 ne
1005 1897 1041 1950 ab
1060 1896 1105 1950 his
1117 1896 1231 1967 quidem
1250 1897 1298 1967 qui

295 1982 438 2036 Orelliana
450 1982 571 2037 editione
583 1982 800 2036 Amerbachiani
813 1982 967 2052 apographi
981 1981 1021 2051 (A
1026 1983 1034 2050 )
1049 1982 1093 2037 usi
1106 1994 1177 2038 sunt.
1216 1986 1298 2038 Orel-

292 2072 345 2126 lius
358 2072 434 2127 enim
452 2080 480 2126 et
497 2084 563 2127 ante
575 2090 662 2142 quam
675 2073 780 2142 optime
798 2071 916 2126 correxit
929 2072 958 2126 in
970 2077 1018 2139 est,
1032 2073 1082 2126 sed
1101 2071 1176 2128 idern
1188 2075 1220 2126 in
1232 2083 1298 2128 ante

287 2164 438 2230 peruectus
449 2159 646 2230 intemptatum
665 2160 784 2230 reliquit.
822 2159 894 2214 Mihi
912 2163 944 2213 in
963 2178 1013 2230 pro
1032 2166 1065 2213 ut
1078 2160 1221 2230 scripsisse
1233 2162 1297 2214 Am.

292 2250 402 2304 uidetur
427 2248 509 2303 simili
535 2249 628 2319 specie
653 2251 787 2320 deeeptus
809 2251 980 2316 uocularum,
1000 2248 1072 2304 sicut
1095 2249 1124 2303 in
1148 2262 1188 2318 50.
1205 2265 1230 2315 2,
1248 2249 1295 2304 uhi

291 2337 386 2391 nescio
411 2354 447 2390 an
467 2337 558 2407 ipsum
576 2337 643 2391 illud
663 2338 800 2407 scriptura
819 2337 921 2392 imitari
940 2346 1057 2390 conatus
1076 2335 1131 2391 sit:
1157 2347 1230 2390 certe
1248 2336 1295 2390 uix

291 2427 368 2481 dicas
382 2436 474 2482 utrum
485 2432 518 2480 ut
527 2445 562 2480 an
576 2429 607 2480 in
620 2427 659 2480 ibi
669 2427 761 2496 potius
773 2426 961 2496 interpretere.
988 2425 1064 2479 Huic
1074 2424 1179 2495 protasi
1192 2426 1297 2479 Caesar

291 2520 323 2567 ut
329 2519 478 2584 peruectus
490 2517 521 2568 in
533 2514 666 2585 Asn'cam
678 2521 726 2582 est,
740 2514 877 2585 apodosin
890 2513 957 2568 facit
970 2514 1011 2566 ibi
1016 2515 1114 2583 pn'mo
1126 2514 1201 2568 κ.τ.λ.

327 2605 360 2658 ln
374 2604 472 2659 ceteris
489 2605 670 2658 tulianarum
687 2605 783 2660 nescio
801 2622 838 2659 an
850 2620 926 2658 error
943 2603 978 2657 sit
996 2601 1186 2667 Amerbachii,
1199 2619 1236 2655 an
1252 2601 1293 2655 sic

291 2692 426 2747 inuenerit
441 2693 469 2748 in
485 2693 665 2748 Murbacensi
678 2694 832 2764 scriptum3
857 2701 932 2745 recte
949 2700 1023 2745 certe
1037 2691 1191 2744 Rhenanus
1204 2689 1292 2743 edidit

288 2781 481 2837 Iulianarum.
509 2783 536 2836 N
540 2798 571 2835 ec
580 2798 746 2852 quemquam
757 2790 825 2851 puto
835 2779 1016 2833 infitiaturum
1026 2777 1125 2832 eximie
1135 2777 1293 2831 Acidalium

288 2868 485 2936 grauissimum
498 2869 631 2922 mendum
646 2869 790 2923 sustulisse
804 2867 951 2921 scribendo
960 2867 1056 2935 primo
1069 2865 1154 2918 traria
1158 2864 1292 2934 fortuna,

289 2960 581 3028 moxpugnauitrua.

324 3114 362 3168 55
376 3114 391 3166 3
411 3060 555 3168 increpata
566 3097 642 3168 prius
654 3099 773 3152 fortuna.
786 3096 824 3151 A.

324 3185 459 3255 increpita
471 3188 505 3241 P.

321 3275 483 3344 increpatus
494 3273 579 3327 habet
592 3274 653 3329 cod.
663 3271 809 3328 Mediceus
822 3289 885 3326 cum
899 3268 986 3324 tribus
999 3266 1132 3323 Palatinis
1146 3266 1207 3321 Liui
1219 3267 1292 3321 xxiv.

289 3426 329 3479 17.
350 3424 380 3478 7:
412 3375 565 3483 increpzius
589 3412 652 3466 cod.
678 3413 844 3465 Puteaneus.
880 3410 1043 3478 increpatus
1067 3405 1152 3460 etiam
1178 3405 1289 3460 codices

288 3499 385 3554 lustini
398 3499 433 3555 xi.
445 3515 469 3567 3.
482 3512 495 3568 5
509 3517 578 3570 quos
592 3498 727 3553 Ruehlius
741 3497 877 3552 classibus
891 3497 999 3550 duabus
1011 3502 1032 3546 T
1044 3504 1072 3548 et
1084 3501 1109 3544 11
1121 3492 1289 3561 adsignauit.

287 3588 543 3655 (Neue-Wagener,
559 3587 756 3641 Formenlehre
770 3585 819 3638 der
832 3586 893 3638 Lat.
908 3582 1032 3652 Sprache
1046 3579 1083 3634 iii.
1098 3580 1170 3648 525.)

321 3676 362 3742 56
378 3689 388 3727 1
410 3675 745 3744 mugnpicentzisimisque
761 3689 817 3726 non
834 3671 925 3725 solum
944 3673 1031 3723 Burer
1050 3668 1164 3734 adserit,
1178 3667 1227 3721 sed
1240 3667 1287 3734 A;

284 3762 355 3816 falso
372 3761 447 3816 enim
464 3762 533 3817 dixit
553 3762 674 3818 Orellius
688 3761 971 3832 magnificentissimis
984 3757 1049 3827 (om.
1063 3757 1126 3826 que)
1141 3766 1169 3810 et
1182 3755 1210 3809 in
1223 3756 1249 3808 Ρ
1262 3764 1289 3809 et

284 3849 313 3904 in
325 3850 353 3904 A
368 3851 469 3905 fuisse:
487 3867 539 3906 nec
551 3851 640 3922 potuit
653 3853 760 3919 abesse,
774 3868 838 3905 curn
851 3849 987 3918 asyndeto
999 3847 1046 3902 hic
1057 3847 1135 3900 locus
1148 3862 1204 3899 non
1218 3843 1264 3898 sit.

766 3932 812 3997 164
