3010 4520
625 461 951 521 PROLEGOMENA

287 651 323 691 ex
338 633 396 690 hoc
415 651 476 691 uno
493 632 662 707 praelucere
681 629 808 688 maxime
827 630 918 689 fidem
940 628 1139 702 Amerbachii‚
1156 628 1289 708 derogari

289 736 446 796 Rhenani:
481 734 531 795 hic
558 737 688 794 fucatam
718 745 896 795 uetustatem
926 734 1084 808 simulauit,
1110 735 1159 795 ille
1187 757 1288 796 ueram

286 841 524 919 repraesentauit.

329 951 411 1008 Inter
435 946 661 1025 orthographiae
683 949 818 1024 exempla
841 949 915 1006 haec
936 967 1038 1024 pono:
1070 955 1162 1020 artus,
1188 956 1289 1006 artare

286 1053 395 1132 septies
410 1053 542 1114 Velleius
557 1053 729 1130 usurpauit3
750 1053 796 1112 bis
808 1064 923 1113 tantum
933 1053 1069 1130 sequiore
1079 1053 1288 1130 orthographia

287 1164 315 1220 A
329 1169 443 1220 arctata
461 1159 489 1220 ii.
515 1181 551 1221 ιο
569 1162 630 1233 fin,
655 1162 824 1219 arctissimis
845 1160 863 1219 i.
890 1177 933 1234 17.
961 1180 988 1233 4,
1009 1159 1167 1237 quinquies
1186 1180 1238 1237 per
1259 1169 1291 1218 rt

286 1268 383 1327 artati
399 1267 416 1326 i.
440 1270 483 1326 16.
508 1288 533 1340 2,
551 1267 580 1326 ii.
600 1269 646 1326 86.
672 1288 696 1339 1,
719 1274 850 1324 artatum
874 1265 892 1324 i.
919 1269 955 1324 16
974 1254 1034 1338 firi,
1055 1267 1234 1325 artissimam
1257 1266 1285 1325 ii.

289 1393 353 1433 100.
371 1395 398 1448 4,
414 1381 480 1434 arto
493 1373 521 1433 ii.
536 1395 600 1448 124.
620 1395 643 1433 1.
689 1377 729 1432 At
747 1359 868 1433 ineunte
890 1393 965 1433 saec.
984 1372 1031 1432 xvi
1049 1373 1217 1450 sequiorem
1231 1375 1287 1433 for-

287 1500 430 1558 mamper
444 1489 488 1540 rct
497 1481 648 1541 malebant
661 1504 667 1540 :
690 1481 829 1540 nimirum
841 1501 902 1540 non
913 1483 1020 1540 horum
1035 1479 1123 1540 futtili
1134 1479 1287 1540 doctrinae

285 1587 503 1648 Amerbachius
531 1586 757 1663 obtemperauit,
784 1587 837 1646 sed
870 1585 1006 1646 codicem
1038 1607 1126 1647 suum
1153 1606 1224 1646 uera
1251 1606 1287 1645 ac
1353 1593 1355 1598 '

285 1704 386 1754 uetera
400 1704 568 1753 seruantem
583 1704 702 1753 secutus
717 1704 768 1752 est.

325 1802 443 1859 uocauit
453 1820 507 1876 pro
523 1802 642 1860 uacam't
655 1799 710 1879 (sic
728 1810 806 1860 certe
827 1800 923 1876 legere
941 1799 1015 1858 mihi
1031 1799 1113 1859 uisus
1128 1798 1207 1878 sum)
1223 1802 1251 1858 A
1266 1797 1283 1857 i.

288 1923 381 1982 15.1;
403 1917 561 1983 potestque
575 1907 607 1967 id
626 1927 729 1966 uerum
749 1926 822 1979 esse,
841 1924 1024 1981 quamquam
1044 1905 1147 1965 ceteris
1162 1905 1193 1963 in
1212 1904 1285 1965 locis

284 2010 445 2070 Velleianis
459 2031 511 2088 per
525 2033 543 2070 a
559 2014 669 2071 elatum
684 2022 745 2071 est:
768 2010 898 2070 ostendit
914 2013 1024 2070 Munro
1035 2012 1075 2070 ad
1090 2013 1174 2069 Lucr.
1191 2010 1209 2069 i.
1227 2027 1286 2087 5²0

283 2137 385 2175 uocare
392 2117 566 2193 antiquioris
578 2137 643 2176 esse
653 2116 814 2188 latinitatis,
827 2136 930 2174 uacare
942 2115 1065 2187 serioris,
1078 2136 1135 2175 nec
1146 2115 1203 2175 nisi
1217 2126 1285 2192 post

284 2222 450 2283 Domitiani
468 2233 596 2283 aetatem
610 2221 640 2281 in
657 2220 904 2298 Inscriptionibus
918 2221 1082 2298 prouenire.
1127 2225 1164 2281 In
1180 2221 1283 2281 Manil.

281 2328 299 2388 i.
321 2351 356 2406 13
372 2337 458 2389 uacat
471 2328 705 2402 Gemblacensis,
722 2336 806 2388 uocat
822 2328 927 2405 reliqui
947 2328 1066 2388 codices
1082 2327 1193 2388 Iacobi.
1239 2331 1284 2388 Ex

284 2435 492 2496 Ribbeckiana
512 2438 558 2496 ed.
582 2435 693 2512 Vergili
717 2435 857 2512 intellego
879 2437 914 2495 G.
939 2435 977 2494 iii.
1008 2453 1065 2510 477
1092 2436 1224 2493 uocantis
1245 2437 1282 2507 R,

283 2543 411 2601 uocantis
426 2545 486 2601 MP
503 2542 621 2614 habere,
640 2552 670 2601 at
684 2541 804 2618 reliquis
822 2552 961 2619 quattuor
976 2541 1048 2601 locis
1066 2562 1177 2615 uacare,
1194 2549 1281 2614 uacet,

282 2656 369 2706 uacat
390 2646 461 2728 (bis)
486 2651 520 2707 M
544 2659 714 2709 constanter
725 2671 734 2723 3
768 2660 800 2708 ut
828 2649 954 2709 dubium
977 2647 1158 2725 relinquatur
1182 2647 1284 2708 Tiberi

280 2765 377 2814 aetate
398 2775 471 2814 num
493 2756 592 2815 adhuc
613 2775 630 2814 o
652 2755 682 2814 in
706 2755 860 2816 codicibus
881 2758 966 2816 MSS.
990 2755 1047 2815 nisi
1069 2776 1130 2815 uno
1152 2757 1284 2815 alteroue

280 2861 443 2937 proueniat.
469 2860 496 2920 ii.
514 2864 557 2921 18.
571 2883 585 2920 2
602 2863 735 2921 interemi
747 2860 865 2941 (infin),
883 2861 911 2921 ii.
924 2866 969 2939 58.
985 2864 1236 2921 ainteremendrim
1246 2865 1282 2934 A,

280 2977 383 3026 contra
408 2986 522 3027 morem
547 2987 621 3027 saec.
648 2967 703 3026 xvi.
756 2970 821 3026 Iam
846 2975 983 3045 temptare
1007 2967 1106 3028 decies
1131 2967 1283 3045 usurpauit

280 3072 412 3132 Velleius
418 3095 427 3147 3
448 3084 477 3133 et
498 3073 541 3132 sic
562 3072 670 3149 septies
691 3093 744 3150 per
765 3081 827 3150 mpt
846 3072 987 3154 seriptum
1010 3072 1040 3131 in
1062 3076 1091 3131 A
1111 3073 1230 3133 inueni:
1252 3073 1280 3132 ii.

282 3194 328 3254 54.
349 3200 361 3236 1
379 3187 548 3252 temtassent,
564 3178 593 3237 ii.
610 3199 656 3256 49.
678 3200 695 3256 3
715 3180 826 3239 lentari
843 3199 926 3252 com,
950 3181 1003 3239 sed
1024 3183 1163 3257 temptari
1173 3201 1211 3239 m.
1227 3201 1281 3257 pr.,

280 3283 308 3342 ii.
324 3287 387 3342 106.
410 3305 424 3342 2
441 3293 590 3343 tentatum.
635 3287 741 3362 Itaque
756 3304 873 3361 semper
883 3287 943 3344 fere
955 3285 1052 3345 codici
1062 3286 1222 3346 obsecutus
1238 3296 1281 3345 est

280 3393 358 3463 Am,
374 3412 435 3451 non
451 3395 571 3451 saeculo
586 3412 648 3464 suo,
662 3411 721 3468 qua
735 3391 794 3451 iam
809 3400 919 3452 tentare
932 3394 1090 3454 malebant.
1128 3397 1283 3454 Praeterea

278 3495 306 3555 ii.
327 3517 390 3570 114.
408 3517 427 3570 4
448 3517 503 3574 pro
525 3500 654 3574 reliquiis
675 3502 704 3557 A
725 3500 776 3558 dat
797 3500 923 3575 reliquis,
942 3500 1030 3560 solito
1052 3520 1134 3560 more
1155 3498 1281 3576 antiqui-

279 3602 368 3677 tatis;
395 3605 433 3662 de
461 3624 521 3680 qua
548 3625 579 3664 re
607 3604 744 3664 dixerunt
766 3607 974 3666 Mommsenus
997 3607 1036 3665 ad
1062 3609 1146 3665 Mon.
1171 3609 1278 3682 Ancyr.

277 3728 301 3768 c.
318 3709 357 3781 iii,
375 3709 559 3771 Ribbeckius
574 3711 604 3770 in
619 3714 784 3789 Prolegom.
801 3712 911 3790 Vergili
925 3713 961 3772 iv.

319 3819 457 3876 Poteram
472 3819 556 3893 plura
569 3819 691 3891 adferre,
708 3820 762 3878 sed
776 3819 850 3878 haec
864 3820 903 3879 ad
916 3818 1102 3896 propositum
1118 3819 1187 3879 satis
1202 3831 1279 3880 sunt.

751 3939 805 3972 xxu
