3024 4568
582 399 738 458 VELLEI
761 397 1002 459 PATERCVLI

296 570 476 642 succederet,
486 567 572 640 illius,
584 578 617 626 ut
630 565 729 644 potius
739 566 895 641 aequalem
905 563 1002 624 ciuem
1014 583 1103 640 quam
1113 562 1294 624 eminentem

296 665 396 726 liceret
409 685 495 742 agere
505 663 676 742 principem.
719 664 840 722 tandem
850 661 942 738 magis
953 661 1066 722 ratione
1080 681 1169 738 quam
1181 662 1295 721 honore

296 761 393 822 uictus
404 773 456 835 est,
467 782 535 822 cum
547 759 693 838 quidquid
704 761 849 820 tuendum
863 780 925 819 non
936 758 1121 836 suscepisset,
1133 757 1294 836 periturum

297 859 429 932 uideret;
450 858 565 935 solique
578 857 649 918 huic
662 856 785 935 contigit
799 876 894 933 paene
913 856 1024 917 diutius
1041 876 1176 916 recusare
1190 853 1295 932 princi·

297 968 408 1033 patum,
425 975 522 1032 quam,
545 966 578 1015 ut
600 965 779 1032 occuparent
801 974 878 1026 eum,
901 953 950 1014 alii
972 952 1059 1013 armis
1081 964 1323 1030 pugnauerant5

271 1063 365 1130 3post
399 1051 548 1112 redditum
589 1055 672 1112 caelo
707 1062 820 1128 patrem
855 1063 885 1110 et
918 1071 1025 1127 corpus
1060 1049 1122 1110 eius
1157 1049 1295 1110 humanis

298 1148 469 1222 honoribus
485 1169 597 1209 numen
619 1147 728 1209 diuinis
745 1149 931 1220 honoratum,
947 1147 1075 1224 primum
1089 1145 1294 1224 principalium

298 1245 361 1306 eius
389 1266 512 1322 operum
535 1245 589 1305 fuit
611 1243 758 1306 ordinatio
786 1244 981 1316 comitiorum,
1006 1263 1096 1320 quam
1124 1264 1213 1304 rnanu
1242 1264 1296 1304 sua

269 1341 436 1419 4scriptam
465 1343 552 1404 diuus
580 1346 731 1419 Augustus
759 1341 921 1418 reliquerat
973 1362 1033 1419 quo
1061 1353 1194 1418 tempore
1222 1341 1295 1402 mihi

297 1439 436 1516 fratrique
451 1460 527 1512 meo,
543 1438 708 1500 candidatis
723 1437 865 1511 Caesaris,
878 1438 1010 1516 proxime
1023 1458 1042 1497 a
1055 1437 1245 1499 nobilissimis
1259 1460 1295 1500 ac
1311 1457 1341 1492 10

298 1536 528 1597 sacerdotalibus
542 1535 611 1596 uiris
627 1535 766 1597 destinari
780 1535 963 1613 praetoribus
982 1535 1112 1613 contigit,
1128 1537 1295 1598 consecutis

298 1631 420 1708 quidem
434 1645 467 1692 ut
480 1653 579 1710 neque
593 1644 661 1711 post
675 1654 730 1694 nos
744 1653 925 1710 quemquam
937 1632 1024 1693 diuus
1035 1636 1186 1710 Augustus
1198 1654 1295 1711 neque

298 1740 367 1790 ante
381 1751 436 1791 nos
452 1733 561 1792 Caesar
575 1733 798 1792 commendaret
812 1730 957 1790 Tiberius.

233 1841 285 1900 125
339 1827 421 1887 Tulit
439 1827 573 1905 protinus
595 1839 625 1887 et
645 1827 708 1888 uoti
727 1839 757 1888 et
776 1826 880 1888 consili
899 1826 944 1886 sui
958 1827 1084 1904 pretium
1099 1848 1145 1888 res
1166 1827 1294 1905 publica,

299 1945 396 2003 neque
411 1925 462 1985 diu
477 1925 561 1985 latuit
574 1937 625 1985 aut
640 1925 712 2002 quid
727 1946 788 1985 non
802 1925 989 2002 impetrando
1006 1925 1119 2002 passuri
1138 1925 1295 1986 fuissemus
1313 1947 1341 1997 ¹5

298 2034 349 2082 aut
363 2023 436 2099 quid
457 2023 644 2100 impetrando
663 2023 897 2100 profecissemus.
944 2021 1055 2100 quippe
1071 2022 1223 2096 exercitus,
1244 2023 1296 2099 qui

299 2119 329 2178 in
358 2119 518 2180 Germania
546 2119 690 2179 militabat
717 2118 937 2196 praesentisque
969 2118 1138 2179 Germanici
1171 2118 1296 2196 imperio

300 2216 461 2293 regebatur,
486 2215 633 2292 simulque
656 2215 795 2292 legiones,
811 2235 887 2293 quae
906 2215 938 2275 in
960 2214 1077 2291 Illyrico
1100 2227 1190 2289 erant,
1215 2215 1295 2276 rabie

299 2315 428 2390 quadarn
450 2325 479 2374 et
500 2315 647 2390 profunda
665 2312 870 2374 confundendi
888 2312 989 2372 omnia
1007 2312 1168 2390 cupiditate
1182 2333 1297 2373 nouum

299 2413 416 2484 ducem,
438 2431 551 2471 nouum
576 2422 693 2484 statum,
715 2431 826 2471 nouam
845 2411 1026 2487 quaerebant
1048 2431 1110 2470 rem
1132 2410 1282 2488 publicam
1288 2434 1297 2485 3
1312 2432 1343 2467 πο

272 2539 284 2573 2
299 2507 471 2585 quinetiam
486 2507 550 2568 ausi
564 2520 632 2568 sunt
647 2507 752 2568 minari
766 2510 886 2568 daturos
898 2507 1021 2581 senatui,
1036 2510 1156 2568 daturos
1170 2507 1295 2586 principi

298 2607 396 2681 leges;
417 2608 541 2665 modum
563 2603 700 2681 stipendi,
723 2607 813 2664 finem
832 2603 953 2664 militiae
970 2603 1027 2663 sibi
1046 2604 1103 2681 ipsi
1117 2604 1295 2666 constituere

297 2701 396 2762 conati
419 2713 505 2762 sunt:
526 2721 698 2779 processum
720 2701 810 2761 etiam
828 2700 859 2760 in
878 2720 959 2760 arma
980 2703 1148 2778 ferrumque
1162 2701 1294 2762 strictum

298 2811 342 2860 est
357 2810 386 2858 et
400 2819 495 2876 paene
508 2798 539 2858 in
554 2797 657 2858 ultima
670 2797 835 2875 gladiorum
850 2797 945 2874 empit
959 2796 1117 2874 inpunitas,
1133 2798 1294 2876 demitque,

272 2895 350 2973 3qui
365 2907 468 2955 contra
481 2916 543 2955 rem
558 2894 708 2972 publicam
723 2897 852 2967 duceret,
868 2915 930 2954 non
944 2893 995 2971 qui
1010 2906 1209 2971 sequerentur.
1241 2899 1295 2956 sed
1312 2918 1324 2952 2
1329 2919 1342 2967 5

299 2994 373 3052 haec
397 2992 498 3053 omnia
516 2991 623 3052 ueteris
643 2991 825 3068 imperatoris
840 2990 1001 3064 maturitas
1017 2993 1110 3050 multa
1124 2991 1294 3066 inhibentis

297 3090 396 3166 aliqua
407 3111 475 3150 cum
484 3089 626 3166 grauitate
640 3088 815 3166 pollicentis
828 3097 889 3148 tum
904 3088 979 3149 inter
993 3109 1127 3149 seueram
1138 3090 1296 3169 praecipue
1333 3135 1336 3142 .

331 3259 346 3290 a
365 3259 397 3292 m.
409 3245 508 3292 ratione
520 3243 588 3291 BA:
606 3243 705 3291 ratione
724 3242 796 3290 m.P
875 3242 1093 3304 3quicquidAP
1156 3247 1294 3307 4peneA

298 3311 315 3355 6
332 3309 440 3356 reditum
451 3309 477 3356 A
558 3324 572 3369 7
590 3324 684 3356 numen
695 3307 809 3356 Krauser
832 3323 926 3356 nomen
937 3307 995 3370 ΑΡ,
1009 3308 1077 3370 quod
1085 3309 1188 3368 defendat
1198 3310 1295 3359 Mr'lkau

298 3389 328 3421 ex
338 3389 378 3434 54.
393 3390 409 3420 2
487 3389 517 3422 10
534 3374 684 3422 candidatos
696 3373 750 3420 ΑΡ
828 3388 855 3421 11
874 3374 1050 3422 sacerdotibus
1062 3373 1122 3436 ΑΡ,
1134 3391 1180 3426 em.
1191 3375 1299 3440 Scheffer

298 3455 320 3487 c.
333 3440 435 3500 quidem
446 3440 544 3501 smpsr':
557 3439 752 3500 consecutisque
763 3438 805 3487 A:
823 3441 966 3487 consecutis
978 3439 1004 3486 P
1079 3455 1109 3488 12
1127 3449 1185 3502 post
1198 3457 1246 3490 nos
1257 3442 1294 3491 P:

299 3511 357 3565 post
372 3505 493 3552 annosA
595 3520 624 3563 14
642 3511 667 3552 et
681 3505 734 3552 uoti
752 3504 880 3554 Gelenius:
903 3513 932 3554 ut
948 3505 1003 3552 uoti
1019 3504 1073 3552 ΑΡ
1135 3507 1251 3567 praetium
1268 3507 1294 3554 A

302 3569 333 3615 16
349 3571 437 3629 profic.
447 3570 472 3616 A
541 3571 571 3617 18
589 3571 683 3618 rabiem
695 3570 856 3630 quandamA
981 3585 1011 3632 19
1028 3571 1112 3618 omnia
1123 3577 1180 3619 ante
1191 3574 1295 3620 confun-

300 3634 376 3681 dendi
389 3635 492 3683 deletum
503 3640 539 3682 est
549 3635 611 3682 inA
694 3650 727 3682 ao
744 3635 854 3696 quer.A
940 3651 972 3683 aa
989 3635 1112 3696 stipendii
1122 3636 1177 3684 ΑΡ
1252 3654 1296 3699 ,24

299 3699 386 3746 ultima
398 3699 473 3748 Voss:
486 3700 598 3748 ultimam
611 3699 664 3748 AB
672 3718 677 3750 ε
690 3701 804 3748 ultimum
815 3699 841 3747 P
933 3716 968 3762 ⁰7
986 3709 1037 3749 tum
1047 3700 1143 3752 adeladi:
1162 3710 1188 3752 et
1199 3702 1298 3752 Krause

298 3779 422 3814 saeueram
438 3765 464 3812 A

775 3891 821 3954 136
