3010 4520
622 403 761 500 ¹LIBER
783 401 815 462 11

223 571 351 651 amplius
372 589 391 632 c
412 572 495 632 milt‘a
516 570 680 632 hominum.
724 573 781 632 hac
802 569 926 633 uictoria
946 570 1064 633 uidetur
1084 556 1226 633 meiuisse

225 670 347 743 Marius,
359 689 398 730 ne
413 665 477 730 eius
490 668 553 728 nati
567 688 629 728 rem
643 668 795 745 publicam
809 667 982 746 paeniteret,
996 689 1032 729 ac
1046 671 1125 730 mala
1139 669 1226 730 bonis

223 759 404 844 repensasse.
447 777 546 826 sextus
574 767 746 826 consulatus
774 764 867 825 ueluti
894 765 1059 844 praemium
1087 765 1115 826 ei
1143 766 1254 826 meri-6

223 876 322 926 torum
337 865 431 924 datus.
475 882 537 923 non
552 873 652 922 tamen
667 861 754 922 huius
769 864 940 923 consulatus
957 864 1108 923 fraudetur
1124 863 1224 940 gloria,

197 981 285 1039 5quo
313 958 418 1023 Seruili
446 959 589 1021 Glauciae
619 959 828 1038 Saturninique
856 959 965 1037 Apulei
996 963 1124 1021 furorem
1157 980 1226 1020 con-

224 1058 344 1119 tinuatis
359 1057 523 1118 honoribus
537 1077 599 1117 rem
614 1057 765 1134 publicam
782 1057 974 1141 lacerantium
989 1069 1019 1117 et
1035 1057 1140 1136 gladiis
1155 1078 1227 1136 quo

224 1177 283 1234 que
297 1167 327 1216 et
341 1157 433 1216 caede
447 1155 568 1216 comitia
579 1155 810 1228 discutientium,
823 1158 928 1216 consul
938 1155 1027 1216 armis
1042 1156 1226 1232 compescuit

224 1253 422 1330 hominesque
436 1251 598 1337 exitiabiles
612 1251 644 1311 in
660 1251 792 1312 Hostilia
805 1250 886 1312 curia
900 1263 996 1312 morte
1010 1251 1154 1312 multauit.

228 1377 231 1393 ,
267 1350 386 1411 Deinde
400 1348 560 1410 interiectis
574 1349 677 1426 paucis
690 1349 777 1409 annis
788 1348 970 1409 tribunatum
985 1349 1050 1409 iniit
1065 1351 1108 1410 M.
1123 1349 1225 1410 Liuius
1240 1365 1273 1422 13

180 1472 211 1506 10
226 1451 350 1519 Drusus,
387 1446 431 1506 uir
465 1445 676 1518 nobilissimus
710 1444 979 1522 eloquentissimus,
1013 1445 1224 1518 sanctissimus,

225 1544 347 1604 meliore
374 1543 406 1602 in
434 1542 535 1602 omnia
559 1542 679 1619 ingenio
703 1542 865 1620 animoque
889 1563 980 1620 quam
1002 1545 1121 1610 fortuna
1144 1564 1223 1604 usus.

225 1641 276 1720 qui
290 1662 360 1702 cum
375 1640 490 1701 senatui
504 1641 634 1717 priscum
651 1640 804 1700 restituere
821 1653 941 1718 cuperet
960 1644 1052 1702 decus
1070 1654 1099 1702 et
1116 1640 1226 1702 iudicia
1242 1663 1253 1695 2

225 1741 264 1800 ab
285 1737 434 1815 equitibus
455 1739 494 1797 ad
511 1757 581 1796 eum
595 1739 749 1797 transferre
767 1737 902 1798 ordinem
918 1737 1041 1816 (quippe
1061 1759 1127 1799 eam
1146 1751 1227 1816 pote-

226 1847 331 1896 statem
359 1834 439 1895 nacti
466 1834 581 1912 equites
609 1834 791 1895 Gracchanis
818 1835 933 1912 legibus
961 1857 1030 1896 cum
1057 1836 1088 1896 in
1117 1840 1226 1897 multos

182 1956 212 2004 15
225 1932 403 1994 clarissimos
422 1943 513 2009 atque
533 1930 794 1992 innocentissimos
816 1931 895 1993 uiros
916 1932 1087 2008 saeuissent,
1110 1945 1174 1994 tum
1193 1938 1224 1996 P.

227 2030 389 2104 Rutilium„
397 2029 494 2090 uirum
514 2049 575 2089 non
595 2028 705 2089 saeculi
724 2029 778 2102 sui,
794 2030 848 2089 sed
866 2029 964 2090 omnis
983 2030 1050 2091 aeui
1068 2031 1224 2108 optimum,

225 2128 435 2210 interrogatum
453 2130 517 2204 lege
538 2126 776 2204 repetundarum¹
791 2127 920 2189 maximo
939 2148 1009 2188 cum
1026 2129 1138 2206 gemitu
1157 2129 1227 2190 ciui-

225 2226 292 2287 tatis
307 2222 544 2303 damnauerant),
560 2224 590 2284 in
605 2224 640 2284 iis
655 2224 735 2302 ipsis,
752 2245 828 2302 quae
842 2245 896 2302 pro
915 2237 1020 2286 senatu
1039 2225 1224 2300 moliebatur,

226 2336 362 2385 senatum
383 2322 487 2383 habuit
508 2322 709 2383 aduersarium
731 2342 793 2382 non
813 2322 1043 2400 intellegentem,
1064 2324 1089 2384 si
1110 2344 1169 2401 qua
1187 2328 1226 2384 de

183 2421 322 2498 replebis
349 2418 517 2480 commodis
544 2420 584 2480 ab
608 2440 645 2480 eo
672 2431 835 2497 agerentur,
862 2420 955 2480 ueluti
982 2420 1160 2482 inescandae
1184 2423 1227 2481 in-

226 2517 431 2594 liciendaeque
446 2515 644 2577 multitudinis
658 2536 748 2576 eausa
761 2516 832 2590 fieri,
848 2528 881 2577 ut
898 2516 1062 2578 minoribus
1079 2520 1226 2596 perceptis

225 2615 337 2684 maiora
364 2613 553 2692 permitteret.
610 2612 741 2690 denique
769 2634 805 2673 ea
835 2616 952 2688 fortuna
981 2614 1072 2674 Drusi
1101 2615 1164 2688 suit,
1194 2629 1253 2688 ut3

224 2714 380 2772 malefacta
406 2713 587 2788 collegarum
619 2709 756 2787 quamuis
789 2710 901 2787 optime
928 2712 968 2770 ab
995 2711 1061 2788 ipso
1091 2711 1225 2789 cogitatis

225 2822 345 2870 senatus
359 2810 498 2886 probaret
512 2807 613 2885 magis,
630 2818 659 2867 et
673 2809 828 2880 honorem,
844 2807 896 2884 qui
914 2808 953 2868 ab
973 2827 1010 2867 eo
1029 2809 1224 2882 deserebatur,

182 2939 210 2986 ²⁵
226 2917 385 2984 sperneret,
397 2905 526 2978 iniurias,
539 2924 616 2982 quae
630 2905 669 2964 ab
683 2903 747 2965 aliis
761 2904 1000 2978 intendebantur,
1012 2924 1110 2982 aequo
1124 2905 1226 2966 animo

226 3002 376 3080 reciperet,
392 3014 422 3062 et
438 3001 526 3062 huius
544 3022 678 3062 summae
697 3001 807 3080 gloriae
825 3000 980 3075 inuideret,
995 3001 1113 3062 illorum
1133 3003 1227 3063 modi-

226 3120 292 3160 cam
307 3102 400 3160 ferret.

261 3271 273 3303 1
292 3254 387 3304 eAP:
402 3257 434 3304 Fe
450 3255 579 3304 Puteanus
593 3262 616 3304 et
631 3256 732 3319 Lipsius
804 3254 806 3258 ’
829 3272 845 3304 2
863 3257 929 3304 mala
945 3256 1018 3304 bonis
1030 3255 1142 3304 Boeder:
1158 3257 1226 3305 bona

227 3321 300 3370 malis
310 3319 379 3369 AP:
396 3320 469 3369 bonis
484 3321 551 3370 mala
567 3321 671 3370 Cludius
768 3336 784 3382 3
799 3337 956 3388 mmmmm
968 3321 1111 3383 praemium
1128 3322 1181 3385 (sic)
1198 3323 1223 3370 A

226 3401 241 3448 5
260 3387 370 3449 Appulei
388 3387 507 3450 Kreysstg
604 3402 618 3448 7
636 3386 813 3436 consularibus
834 3387 912 3436 armis
927 3386 1057 3435 Annuus
1150 3397 1226 3450 cope-

226 3451 291 3501 scuii
302 3452 327 3498 A
416 3453 432 3500 8
450 3451 592 3500 exitiabiles
603 3461 723 3516 suprascr.
738 3452 856 3501 exitiales
867 3451 893 3499 A
961 3452 1145 3500 mulctauitA:
1164 3454 1225 3500 mul-

226 3516 327 3566 tauitP
426 3532 456 3580 19
473 3516 657 3576 intelligentem
668 3517 723 3564 ΑΡ
794 3534 826 3566 ao
842 3517 981 3565 inescande
999 3518 1224 3578 inliciendequeA

227 3598 256 3633 21
275 3583 422 3646 praeceptis
440 3587 462 3631 el
477 3583 655 3644 permitterent
670 3582 798 3632 Heinsius.
808 3584 840 3643 (ct
857 3582 985 3644 Bentleyl:
1002 3584 1065 3645 fort.
1085 3584 1226 3633 remitteret

226 3665 259 3711 23
274 3649 392 3710 quamuis
408 3648 453 3696 A:
473 3663 550 3709 quam
567 3649 622 3696 eius
638 3647 678 3697 P:
699 3649 755 3697 eius
771 3663 847 3710 quam
862 3648 1003 3696 Ruhnken:
1026 3665 1100 3710 quam
1119 3650 1226 3710 quaeuis

226 3715 350 3762 Froeuucn
428 3714 547 3775 cogitatis
562 3714 662 3776 scripsi:
688 3714 798 3775 cogitata
809 3712 864 3760 AP
962 3730 994 3774 24
1011 3714 1223 3763 deferrebaturA

226 3793 258 3839 25
275 3780 331 3828 aliis
350 3777 405 3826 ΑΡ
412 3796 418 3827 :
442 3780 492 3828 illis
506 3778 630 3828 Ruhnken
696 3783 728 3828 26
745 3780 868 3828 modicam
884 3777 952 3827 AP:
975 3779 1129 3828 inmodicam
1143 3778 1226 3826 Halm

227 3860 258 3905 27
271 3846 375 3895 efferret
386 3844 485 3894 Alsters

712 3935 741 3984 31
