3024 4568
413 448 459 506 IN
480 445 700 507 VELLEIVM
723 442 1011 505 PATERCVLVM

214 618 241 665 et
258 615 348 666 armis
364 617 391 666 et
406 614 510 666 anz'rnis
522 613 569 664 rui
575 611 712 682 suessent,
731 610 758 664 h.
767 625 794 664 e.
809 607 893 662 armis
907 605 1035 672 Romani,
1049 604 1148 660 animis
1168 604 1211 658 sui

215 710 364 768 compotes,
377 716 429 754 nec
447 708 523 752 metu
543 696 664 751 deterriti
676 695 823 766 quominus
843 697 998 749 Germanos
1015 702 1141 748 arcerent
1158 693 1210 746 nec

215 796 319 841 temere
333 786 437 855 impetu
449 785 528 839 abusi
541 785 577 838 ad
588 785 717 838 obeunda
731 784 801 836 ultro
815 780 981 835 discrimina.

249 891 300 930 120
315 889 332 940 4
350 891 402 928 nec
414 872 559 928 temerario
573 871 686 926 consilio
698 887 750 925 nec
769 869 848 938 segni
860 869 1007 938 prudentia
1019 867 1068 922 niti
1085 867 1211 936 specula·

212 961 287 1030 tique
300 960 515 1030 oportunitatem
528 960 601 1013 ferro
613 957 664 1012 sibi
681 957 718 1011 ad
737 974 802 1012 suos
816 965 992 1026 pepereram
1004 955 1063 1024 (sic)
1077 971 1209 1024 peperere

211 1049 338 1104 reditum.
351 1048 389 1102 A.

248 1135 423 1205 prouidentia
434 1135 495 1190 PB.
567 1133 614 1187 uiti
627 1134 729 1188 Burer.
800 1131 843 1186 usi
854 1133 888 1185 P.

248 1225 295 1276 usi
317 1222 512 1291 interpolatum
537 1239 555 1274 a
580 1221 716 1274 Rhenano
741 1219 786 1274 uix
813 1218 841 1272 in
870 1218 928 1273 istis
954 1219 1018 1284 niti,
1044 1218 1101 1270 uiti
1124 1217 1209 1269 latere

213 1309 301 1379 potuit
312 1328 319 1374 ;
339 1309 435 1362 melius
446 1309 489 1366 ed.
502 1307 611 1376 Bipont.
621 1310 695 1362 nesi:
716 1307 764 1361 sed
775 1323 810 1364 ne
824 1305 984 1375 sicquidem
999 1315 1109 1358 seruata
1120 1303 1209 1358 littera

211 1413 283 1465 quae
296 1394 402 1465 utrique
416 1395 566 1464 scripturae
586 1393 741 1449 communis
752 1401 795 1447 est
807 1398 827 1452 t.
864 1392 1033 1448 Thomasius
1048 1391 1117 1446 coni.
1132 1394 1209 1458 uicti,

212 1483 245 1536 cf.
266 1496 308 1548 31.
326 1497 351 1549 4,
373 1497 476 1548 124.2;
506 1483 662 1552 allegatque
681 1494 723 1548 97.
745 1495 755 1534 1
779 1479 825 1533 ubi
842 1481 870 1532 A
891 1482 1030 1532 uz'ctarum
1055 1479 1139 1532 habet
1158 1495 1209 1546 pro

212 1570 356 1622 uitiorum.
389 1568 441 1622 His
454 1567 648 1638 praestabilius
662 1568 734 1622 duco
745 1565 930 1620 Heinsianum
943 1567 1005 1630 iuti,
1019 1582 1074 1635 quo
1083 1565 1210 1633 exemplo

213 1655 325 1710 Tacitus
339 1654 447 1724 scripsit
460 1647 533 1712 'Arm
545 1655 599 1710 xiv.
612 1671 629 1722 4
637 1655 750 1724 placuit
760 1655 885 1707 sollertia
899 1656 1019 1720 tempore
1031 1655 1115 1707 etiam
1128 1654 1190 1704 iura
1202 1671 1209 1715 ;

212 1743 268 1796 iam
281 1753 346 1796 ante
361 1743 508 1796 Heinsium
522 1745 609 1797 Burer
621 1761 654 1796 ex
667 1742 737 1795 coni.
750 1742 845 1794 adtira
855 1750 994 1810 posuerat.

242 1834 374 1899 peperere
399 1830 573 1884 Cornelissen
604 1830 632 1884 in
658 1833 791 1898 aperuere
817 1827 986 1896 corrigebat:
1014 1844 1067 1880 nec
1091 1827 1208 1880 multum

211 1918 302 1985 placet
312 1916 424 1972 auribus
434 1935 448 1970 e
457 1917 611 1986 quinquies,
616 1921 654 1986 pe
663 1916 715 1983 bis,
725 1934 756 1970 re
765 1925 808 1969 ter
819 1915 904 1982 (-rere
913 1912 1059 1981 reditum)
1071 1913 1208 1966 iteratum.

247 2006 329 2059 1206
348 2004 385 2059 ita
404 2004 464 2058 illas
485 2004 621 2071 (catenas)
642 2003 724 2057 inlisit
738 2001 821 2072 capiti
841 2019 892 2056 suo
911 2011 941 2056 ut
962 2001 1087 2070 protinus
1108 2000 1211 2069 pariter

209 2092 353 2161 sauguinis
365 2091 524 2161 cerebrique
538 2092 566 2145 in
579 2091 664 2147 fluuio
677 2090 813 2160 expiraret
827 2090 909 2157 (carr.
922 2107 959 2142 ex
970 2088 1033 2155 ret)
1047 2088 1084 2142 A.

247 2179 359 2234 influuio
373 2181 413 2232 P:
433 2178 544 2233 effluuio
557 2181 687 2248 Lipsius:
707 2176 842 2247 profluuio
856 2178 948 2232 Gelan.
961 2195 999 2230 an
1012 2174 1171 2230 confluuio?

248 2266 335 2322 Miror
352 2275 393 2321 tot
405 2265 525 2320 editores
544 2283 662 2336 cumque
675 2251 717 2318 his
732 2263 912 2333 Georgesium
925 2281 952 2332 p.
965 2278 983 2332 9
1001 2272 1028 2318 et
1044 2261 1208 2316 Milkauiurn

210 2371 238 2422 p.
259 2366 289 2422 55
311 2352 470 2422 Lipsianam
494 2352 718 2408 emendationem
749 2352 861 2421 effluur'o
887 2350 1034 2420 recepisse,
1057 2348 1209 2418 neglexisse

212 2439 395 2494 Gelenianam
404 2439 563 2510 prep‘luuio:
587 2439 653 2496 illud
670 2456 723 2494 nec
742 2437 956 2508 palaeographia
973 2455 1025 2493 nec
1045 2437 1207 2505 scriptorum

210 2527 347 2583 bonorum
357 2544 423 2580 usus
433 2527 619 2592 commendat,
633 2542 802 2595 quamquam
814 2523 916 2580 Plinius
928 2526 965 2580 H.
977 2526 1013 2579 N.
1022 2522 1065 2577 vii.
1079 2537 1124 2590 171
1142 2521 1208 2576 dixit

205 2613 801 2684 praefandiumorriexcerpereeffluuium:
816 2621 844 2666 at
849 2611 1097 2680 profluuium‚non
1105 2608 1207 2663 Plinius

210 2709 237 2752 et
262 2699 415 2752 Columella
439 2709 556 2763 tantum,
579 2697 696 2766 saepius,
722 2699 771 2752 sed
797 2696 918 2765 optimus
943 2706 1041 2752 auctor
1064 2695 1207 2750 latinitatis

213 2783 354 2838 Lucretius
377 2783 486 2854 scripsit
507 2783 542 2841 vi.
567 2797 632 2852 1205
652 2784 833 2852 Profluuium
850 2787 938 2852 parre
962 2786 1015 2852 qui
1035 2785 1122 2836 taetri
1141 2799 1208 2834 san-

205 2875 306 2942 guinis
333 2889 396 2925 aere
416 2875 545 2928 Exierat.
591 2872 648 2926 Sed
676 2881 770 2928 tamen
798 2870 1042 2941 palaeographiam
1069 2869 1092 2925 si
1118 2869 1208 2939 sequi-

211 2977 281 3027 mur,
304 2960 340 3014 ad
359 2961 529 3029 confluuium
548 2959 640 3030 potius
664 2978 697 3016 ea
715 2978 766 3016 nos
791 2959 883 3015 ducit:
916 2970 1024 3014 constat
1041 2958 1116 3015 enim
1135 2976 1205 3026 cum,

211 3049 419 3117 infrequenter
442 3064 459 3100 a
483 3046 599 3101 librariis
619 3046 690 3101 inter
707 3065 737 3101 se
756 3045 923 3117 permisceri,
948 3045 1026 3100 cuius
1050 3045 1205 3114 exemplum

211 3133 319 3189 uidetur
326 3145 419 3188 extare
429 3132 456 3188 in
469 3134 568 3189 catull.
579 3133 640 3190 lxiv,
654 3135 703 3189 116
717 3135 775 3188 Sed
782 3134 853 3202 quill
862 3150 910 3203 ego
922 3136 953 3187 in
962 3136 1057 3202 prima
1065 3134 1208 3202 degressus

210 3223 334 3276 carmine
341 3221 431 3290 plura
447 3222 683 3276 Commemarem?
702 3220 827 3290 quamuis
839 3221 922 3288 uulgo
932 3219 969 3273 ibi
979 3220 1062 3274 edant
1076 3237 1094 3271 a
1100 3221 1206 3288 primo,

211 3325 274 3361 curn
287 3307 314 3360 in
327 3306 468 3361 codicibus
481 3324 538 3363 non
557 3305 726 3377 interpolatis
744 3306 874 3362 traditum
888 3305 922 3360 sit
941 3325 1012 3373 cum,
1025 3306 1099 3375 quod
1113 3322 1176 3358 cum
1189 3323 1207 3357 a

210 3405 397 3463 permutatum
409 3394 497 3448 rarius
506 3393 610 3451 uideas.
636 3395 814 3463 Confluuium
823 3393 927 3448 sirecte
938 3392 1049 3458 conieci,
1057 3391 1106 3446 erit
1118 3393 1206 3446 fluxus

211 3481 352 3550 sanguinis
366 3499 429 3536 cum
443 3483 556 3536 cerebro
567 3481 714 3550 commixti,
729 3484 761 3535 ‘a
773 3480 921 3537 combined
932 3480 1077 3548 discharge
1085 3481 1115 3532 of
1121 3481 1207 3534 blood

210 3570 266 3624 and
299 3569 409 3624 brain’:
447 3570 608 3640 plerumque
637 3570 672 3624 de
702 3568 903 3624 confluentibus
934 3568 961 3622 in
992 3585 1079 3626 unum
1115 3569 1205 3622 locum

211 3655 268 3710 siue
287 3656 365 3726 aquis
385 3655 442 3710 siue
462 3655 551 3710 uentis
577 3655 683 3723 dicitur,
703 3667 732 3711 ut
751 3656 826 3725 apud
845 3655 1006 3729 scriptorem
1026 3657 1135 3712 Aetnae
1157 3671 1208 3710 120

209 3749 275 3796 artu
287 3761 391 3797 necesse
402 3750 442 3796 est
456 3744 603 3812 Confluuia
615 3746 739 3798 errantis
757 3748 899 3797 arcessam
912 3743 1035 3811 undique
1046 3760 1139 3810 uenas,
1154 3756 1205 3811 327

209 3830 347 3902 confluuia
359 3833 450 3886 ueluti
459 3832 602 3902 suparibus
615 3837 694 3890 actus
706 3831 800 3887 Exilii
813 3829 962 3901 (spiritus).

686 3929 732 3994 187
