3010 4520
615 427 745 491 LIBER
766 428 799 488 II

212 617 241 665 et
262 602 326 665 uisa
344 601 419 664 ultio
439 602 555 682 priuato
576 602 647 664 odio
672 603 765 679 magis
789 620 880 680 quam
901 596 1040 676 publicae
1061 597 1214 660 uindictae

212 704 288 763 data.

251 787 386 862 Subinde
407 799 514 861 Porcio
537 799 711 877 Marcioque
736 798 909 860 consulibus
933 798 1063 858 deducta
1093 794 1212 856 colonia

211 897 315 958 Narbo
337 896 470 956 Martius

73 1031 77 1040 ·
182 1011 195 1059 5
252 996 414 1055 Mandetur
428 993 538 1055 deinde
549 993 710 1054 memoriae
724 991 863 1053 seueritas
878 990 1063 1052 iudiciomm.
1100 990 1245 1068 quippe8

211 1092 245 1150 C.
262 1092 339 1152 Cato
354 1090 525 1164 consularis,
542 1092 585 1150 M.
599 1089 723 1151 Catonis
737 1109 840 1166 nepos,
856 1087 989 1148 Africani
1002 1087 1110 1149 sororis
1124 1086 1211 1160 filius,

210 1190 442 1265 repetundarum
466 1209 502 1249 ex
527 1188 708 1249 Macedonia
730 1191 889 1248 damnatus
911 1198 964 1261 est,
987 1207 1057 1247 cum
1085 1185 1120 1245 lis
1148 1185 1212 1247 eius

211 1286 277 1345 HS.
302 1297 442 1363 quattuor
466 1285 586 1347 milibus
610 1286 829 1347 aestimaretur:
860 1286 938 1346 adeo
964 1284 1008 1344 illi
1035 1283 1091 1344 uiri
1118 1284 1212 1362 magis

212 1384 398 1443 uoluntatem
422 1383 568 1461 peccandi
588 1383 779 1445 intuebantur
803 1404 893 1462 quarn
918 1385 1052 1456 modurn,
1075 1385 1212 1460 factaque

169 1497 199 1531 ¹0
211 1481 251 1539 ad
264 1478 423 1540 consilium
438 1480 603 1557 dirigebant
617 1492 647 1540 et
661 1480 742 1558 quid,
758 1501 820 1540 non
835 1480 866 1540 in
883 1490 1028 1558 quantum
1047 1479 1211 1541 admissum

211 1578 295 1649 foret,
324 1575 528 1637 aestimabant.
571 1576 649 1636 circa
676 1579 782 1637 eadem
807 1589 942 1654 tempora
967 1578 1009 1636 M.
1039 1578 1070 1636 C.
1096 1577 1238 1638 Metelli2

211 1675 313 1734 fratres
339 1661 402 1734 uno
429 1674 479 1735 die
506 1674 769 1751 triumphauerunt.
813 1695 874 1735 non
903 1674 1001 1734 minus
1026 1676 1137 1734 clarum
1166 1694 1213 1734 ex-

212 1772 345 1848 emplum
367 1781 397 1830 et
418 1772 518 1831 adhuc
539 1771 662 1831 unicum
686 1771 773 1831 Fului
798 1770 905 1844 Flacci,
921 1770 984 1831 eius
1004 1771 1056 1848 qui
1075 1772 1210 1849 Capuam

211 1878 337 1945 ceperat,
353 1866 489 1941 filiomm,
505 1870 558 1928 sed
572 1867 691 1929 alterius
705 1868 736 1927 in
750 1867 943 1946 adoptionem
958 1867 1027 1940 dati,
1040 1867 1071 1927 in
1086 1868 1212 1945 collegio

166 1985 196 2035 15
211 1968 382 2026 consulatus
397 1965 470 2039 suit3
489 1965 650 2042 adoptiuus
667 1965 698 2024 in
713 1964 833 2026 Acidini
848 1964 944 2025 Manli
957 1964 1099 2024 familiam
1114 1966 1209 2026 datus.

211 2083 281 2122 nam
315 2082 440 2122 censura
473 2065 664 2123 Metellorum
696 2061 882 2140 patruelium,
911 2082 973 2122 non
1003 2081 1211 2140 germanorum

209 2161 331 2219 fratrum
345 2159 408 2233 suit,
424 2162 506 2238 quod
521 2160 592 2221 solis
606 2160 768 2237 contigerat
783 2158 980 2236 Scipionibus.
1017 2171 1081 2220 turn
1096 2159 1211 2221 Cimbri
1227 2173 1240 2220 3

210 2268 239 2317 et
253 2257 383 2318 Teutoni
397 2260 605 2320 transcendere
617 2260 768 2331 Rhenum,
780 2257 880 2317 multis
891 2277 961 2318 mox
972 2256 1079 2318 nostris
1090 2258 1211 2335 suisque

209 2354 344 2415 cladibus
360 2355 484 2416 nobiles.
527 2374 581 2433 per
599 2357 705 2417 eadem
724 2367 859 2432 tempora
879 2357 975 2415 clarus
998 2354 1061 2415 eius
1083 2355 1208 2428 Minuci,

165 2477 196 2510 πο
209 2451 261 2528 qui
282 2451 422 2528 porticus,
438 2473 515 2530 quae
539 2453 690 2531 hodieque
710 2452 842 2513 celebres
863 2462 940 2525 sunt,
964 2451 1084 2512 molitus
1105 2464 1158 2526 est,
1174 2473 1210 2512 ex

209 2548 372 2610 Scordiscis
385 2549 553 2626 triumphus
567 2550 629 2610 fuit.

250 2649 367 2707 Eodem
382 2658 477 2707 tractu
491 2658 660 2724 temporum
674 2647 826 2708 nituemnt
844 2658 974 2708 oratores
994 2646 1094 2724 Scipio
1109 2648 1208 2708 Aemi·
1222 2657 1244 2714 9
1275 2659 1297 2684 s

208 2739 304 2802 lianus
331 2742 518 2820 Laeliusque,
542 2745 603 2804 Ser.
630 2745 734 2818 Galba,
758 2745 821 2804 duo
845 2743 981 2816 Gracchi,
1008 2744 1041 2804 C.
1068 2737 1207 2817 Fannius,

209 2839 308 2900 Carbo
333 2839 486 2918 Papirius3
516 2861 573 2900 nec
599 2842 832 2917 praetereundus
860 2842 1001 2900 Metellus
1030 2839 1209 2900 Numidicus

244 3010 254 3042 1
274 2994 337 3043 ultio
353 2994 397 3044 dei.
408 2995 509 3058 Beniiaey
519 3002 542 3044 ei
553 2996 681 3060 Wopkens.
714 2996 766 3044 Hic
773 3000 856 3044 tamen
867 2996 989 3043 lectionem
1001 2995 1120 3043 traditam
1131 2997 1209 3044 tuam

208 3059 395 3111 estTuii.Lect.
411 3063 485 3122 §148
589 3060 779 3123 3PortioAP
842 3060 1025 3122 MartioqueP
1121 3073 1208 3122 sme-

209 3142 289 3190 moria
306 3157 366 3191 esae
383 3143 480 3192 ueritas
496 3141 523 3190 A
537 3145 612 3207 prius
718 3145 735 3192 6
751 3130 819 3192 ῥῶ
838 3143 916 3204 (COS
930 3141 964 3205 P)
984 3142 1050 3190 Cato
1067 3143 1208 3191 consularis

208 3223 277 3272 AP:
296 3240 345 3276 em.
359 3224 446 3273 Aldus
542 3239 556 3287 7
573 3225 605 3274 lis
622 3226 678 3274 eius
697 3225 726 3287 (li
743 3226 812 3274 seius
825 3225 897 3288 prius
907 3223 948 3287 A)
966 3217 1013 3272 siff
1024 3225 1122 3275 aestim.
1138 3224 1208 3273 AP:

208 3306 239 3354 lis
257 3306 282 3354 ei
300 3306 348 3355 HS
364 3299 406 3355 1‘11‘1
423 3314 485 3356 aest.
505 3307 618 3371 Scaliger
630 3309 654 3355 ei
670 3308 831 3356 Salmasius:
858 3306 877 3356 l.
896 3307 952 3356 eius
971 3307 1118 3356 sestertium
1134 3315 1208 3368 quat·

209 3379 268 3420 tuor
280 3372 381 3420 milibus
392 3373 466 3420 Kn'ta
476 3379 499 3420 at
508 3373 592 3421 Halm
681 3388 709 3421 11
729 3373 762 3422 M.
777 3373 806 3422 C.
821 3371 888 3420 Voss.
902 3389 908 3420 :
927 3372 960 3422 M.
974 3372 1043 3420 APt
1060 3372 1111 3420 duo
1122 3371 1209 3420 Aldus

211 3468 239 3513 14
251 3461 373 3516 coeperat
384 3453 410 3500 A
481 3468 510 3515 15
522 3455 668 3504 consulatus
679 3455 791 3505 Krause:
806 3455 874 3504 COS
886 3454 931 3502 A:
948 3454 1016 3503 COS
1028 3454 1054 3501 P
1124 3469 1208 3503 mace·

209 3520 284 3568 deani
296 3535 355 3569 corr.
367 3521 394 3569 in
406 3520 556 3583 macidoani,
571 3520 625 3568 dein
636 3521 681 3569 hoc
690 3536 759 3568 eraso
768 3527 889 3583 suprascr.
904 3520 1039 3569 macidiani
1051 3519 1077 3565 A
1096 3525 1124 3566 ut
1138 3521 1209 3568 urstis

208 3600 266 3632 sum
283 3587 374 3648 legere:
396 3586 421 3632 in
433 3585 552 3635 Acidiani
563 3585 604 3634 P:
620 3586 646 3634 in
658 3585 760 3635 Acidini
771 3585 892 3650 Sigonius
901 3591 924 3633 ei
933 3585 1019 3634 Aldus
1091 3585 1169 3633 filiam
1179 3584 1205 3630 A

211 3652 241 3696 16
258 3665 366 3698 censura
385 3651 512 3699 Gelenius:
535 3665 628 3699 census
644 3650 698 3699 ΑΡ
819 3654 849 3700 18
866 3652 1031 3700 transcedere
1048 3649 1075 3697 A
1177 3663 1208 3710 19

208 3715 355 3764 nobilisA:
372 3717 450 3764 inmo
462 3716 574 3765 nobilem
643 3716 731 3764 Minici
742 3716 782 3764 P:
799 3716 895 3765 Manici
906 3715 931 3763 A
1000 3733 1032 3766 ao
1050 3715 1207 3765 excordiscis

208 3779 234 3826 A
327 3796 359 3829 aa
377 3788 459 3830 tractu
471 3788 489 3832 t,
501 3781 571 3830 AB:
588 3789 732 3844 temporum
744 3788 762 3831 t.
774 3781 800 3828 P

693 3969 722 4022 2r
