3024 4568
400 457 447 514 IN
468 456 690 515 VELLEIVM
713 453 1002 514 PATERCVLVM

199 641 257 694 par.
289 625 440 694 Recteque,
452 624 557 694 opinor,
569 625 603 679 V.
614 641 744 678 conamen
757 621 882 677 dicturus
895 631 953 676 erat
966 620 995 674 id
1009 636 1063 689 quo
1077 619 1200 672 Catullus

198 712 236 766 ad
248 711 340 766 uarias
353 713 450 766 laudes
463 729 582 782 poeseos
592 712 748 781 adspiraret
761 711 845 764 modo
858 710 965 776 melica,
980 709 1064 761 modo
1077 704 1200 774 Elegias,

198 816 272 853 nunc
282 800 421 869 Epyllion,
434 817 509 853 nunc
522 799 733 869 Epigrammata
743 798 908 852 scribendo:
923 808 950 851 et
961 797 989 849 in
999 797 1052 849 hoc
1062 795 1201 864 quadrant

198 888 285 941 uerba
299 889 418 956 suscepti
428 889 519 956 operis
534 905 540 940 :
560 886 635 956 quod
647 886 721 939 enim
736 883 882 953 suscipitur
895 900 1031 937 conamen
1050 891 1099 936 est.

235 988 301 1042 374
318 991 376 1026 non
397 992 459 1027 esse
481 984 562 1042 turpe
584 974 620 1027 ab
642 990 676 1026 eo
697 971 770 1025 uinci
790 988 873 1040 quem
894 971 1006 1025 uincere
1028 978 1102 1023 esset
1121 967 1200 1020 nefas

199 1079 290 1131 neque
311 1061 457 1115 inhoneste
481 1061 603 1130 aliquem
628 1059 763 1114 summitti
789 1058 853 1112 huic
879 1075 961 1128 quem
986 1059 1095 1112 fortuna
1119 1071 1203 1124 super

199 1167 297 1203 omnes
313 1148 464 1202 extulisset.
477 1149 515 1202 Α.

236 1236 300 1291 huic
312 1254 363 1290 om.
372 1237 407 1300 P,
422 1237 502 1290 cuius
514 1238 545 1290 in
558 1236 688 1305 margine
696 1233 850 1287 Rhenanus
862 1235 1013 1288 aduolauit
1021 1231 1099 1286 Alias
1112 1246 1202 1300 neque

200 1325 235 1379 ei.

206 1475 208 1478 Ι
238 1410 307 1480 Quis
329 1427 386 1464 non
408 1409 454 1463 hic
479 1427 588 1480 quoque
610 1419 745 1478 agnoscat
766 1408 967 1477 praestantiam
987 1403 1203 1462 Amerbachiani

201 1498 375 1568 apographi?
405 1497 471 1550 illud
490 1497 557 1551 leuic
574 1514 657 1566 quam
684 1496 790 1563 Latine,
815 1513 900 1566 quam
924 1496 962 1549 ad
984 1512 1091 1549 morem
1115 1491 1203 1547 Vellei

202 1586 308 1639 dictum
330 1588 388 1638 est!
430 1585 486 1638 Sed
511 1583 596 1637 miror
614 1584 688 1638 unde
711 1584 816 1637 sactum
836 1583 871 1636 sit
894 1593 923 1637 ut
945 1583 1020 1652 quod
1041 1598 1116 1635 anno
1137 1580 1205 1648 1516

202 1672 405 1726 Amerbachius
422 1681 497 1726 recte
514 1671 705 1739 exscripserat,
714 1671 754 1724 de
770 1687 802 1724 eo
820 1671 981 1738 Rhenanus,
996 1687 1059 1723 cum
1077 1678 1206 1738 quattuor

203 1768 266 1828 post
278 1775 368 1812 annos
381 1758 486 1825 ederet,
501 1758 557 1812 iam
570 1757 745 1812 dubitantem
759 1775 788 1812 se
801 1758 940 1827 professus
952 1757 1042 1811 fuerit.

240 1862 280 1913 39
294 1861 309 1914 3
328 1846 367 1897 At
380 1847 412 1898 T.
427 1847 532 1900 Caesar
548 1863 633 1915 quarn
650 1856 755 1899 certam
774 1846 909 1915 Hispanis
927 1845 1043 1914 parendi
1056 1843 1207 1898 confessio·

203 1950 269 1986 nem
282 1942 433 1986 extorserat
447 1949 543 2001 parem
559 1933 657 2001 lllyriis
672 1932 865 2002 Delmatisque
878 1933 1001 1988 extorsit.
1015 1933 1053 1987 Α.

241 2021 308 2072 Non
330 2029 405 2072 recta
429 2019 497 2072 mihi
522 2019 631 2073 uidetur
655 2037 717 2074 esse
742 2021 901 2073 emendatio
920 2020 1013 2074 Vrsini
1035 2037 1085 2089 pro
1106 2022 1207 2088 ,barem

206 2105 352 2160 scribentis
367 2110 480 2175 parens,
495 2106 547 2160 etsi
566 2107 660 2160 multis
679 2124 713 2161 ea
732 2107 874 2176 placuerit,
888 2108 1043 2176 eademque
1062 2105 1208 2160 obuenerit

206 2192 309 2262 Lipsio.
347 2195 528 2263 Respondent
548 2194 619 2248 inter
637 2212 666 2249 se
685 2212 770 2263 quarn
784 2234 810 2248 ..
826 2235 832 2248 .
841 2198 950 2264 parem,
974 2196 1046 2249 unde
1067 2194 1090 2249 si
1110 2198 1208 2263 parem

205 2280 358 2346 sustuleris,
369 2282 449 2335 cadet
463 2281 636 2336 concinnitas
650 2282 810 2336 sententiae.
844 2284 990 2336 Praeterea
1004 2282 1154 2337 iniucunda
1167 2291 1209 2335 est

205 2368 318 2422 auribus
339 2367 483 2438 παρὴχησις
506 2369 551 2422 illa
567 2369 729 2438 parendi..
744 2373 866 2438 spurcus
889 2369 1086 2439 dissimilisque
1111 2369 1210 2422 ceteris

207 2471 278 2524 quae
291 2456 365 2523 apud
378 2455 515 2510 Velleium
530 2458 639 2522 multae,
654 2456 703 2509 sed
716 2467 818 2524 gratae,
832 2457 1012 2525 reperiuntur.
1045 2455 1210 2526 Scripserim

207 2543 251 2596 Ar
267 2543 308 2594 Ti.
323 2543 428 2596 Caesar
441 2560 526 2611 quam
545 2549 647 2596 certam
662 2543 802 2611 Hispanis
820 2542 857 2611 [is
871 2560 909 2598 sc.
923 2542 1077 2611 Augustus]
1089 2543 1213 2612 parendi

207 2630 401 2699 cenfessionem
414 2636 576 2692 extorserat,
585 2633 685 2699 parem
699 2631 811 2698 Illyriis
822 2631 1016 2699 Delmatisque
1027 2633 1152 2683 extorsit.

248 2717 278 2769 T.
294 2717 404 2784 Caesar,
417 2734 474 2769 non
492 2719 533 2770 Ti.
548 2718 659 2782 Caesar,
673 2734 736 2770 cum
753 2734 808 2770 non
821 2717 848 2770 A
870 2719 958 2770 solum
974 2727 1001 2770 et
1014 2719 1047 2780 P,
1062 2718 1111 2771 sed
1126 2720 1213 2770 Burer

208 2819 319 2873 quoque
333 2803 361 2855 in
374 2803 403 2856 id
416 2803 555 2872 conspiret
570 2803 684 2872 (APB),
699 2815 841 2858 exaratum
859 2803 887 2856 in
907 2804 1086 2858 Murbacensi
1105 2805 1212 2857 suerat:

209 2890 314 2960 primus
327 2890 445 2944 Vrsinus
458 2908 554 2944 uerum
568 2908 739 2960 praenomen
753 2891 862 2944 uidetur
874 2889 1034 2945 restituisse.

246 2994 287 3046 40
305 2992 314 3030 1
336 2988 498 3046 penetratae
511 2995 574 3032 cum
587 2977 705 3032 uictoria
725 2977 821 3031 Media
831 2978 936 3032 Albani
952 2977 1051 3032 Hideri
1064 2996 1097 3032 ac
1110 2978 1213 3032 deinde

210 3064 312 3118 flexum
325 3081 426 3132 agmen
444 3065 480 3118 ad
494 3082 542 3118 eas
555 3066 681 3119 nationes
701 3081 772 3134 quae
790 3064 888 3118 dextra
906 3065 998 3135 adque
1018 3065 1114 3120 intima
1133 3065 1213 3119 Ponti

211 3150 332 3206 incolunt
348 3151 467 3205 Colchos
481 3152 679 3222 Eniochosque
691 3161 719 3205 et
731 3152 851 3205 Acheos.
864 3153 902 3206 A.

248 3238 346 3292 Hiberi
365 3239 406 3291 P:
430 3239 561 3306 Albania,
583 3239 700 3292 Hiberia
722 3239 892 3292 Burmann:
920 3240 1018 3293 malim
1037 3239 1148 3306 Albani,
1164 3238 1215 3292 Hi·

211 3324 297 3379 beria.

249 3414 321 3466 Cum
339 3412 455 3466 latinum
474 3430 531 3466 non
544 3413 579 3467 sit
593 3417 757 3483 penetratae
769 3413 868 3466 Media
879 3415 990 3466 Albani
1004 3415 1112 3477 Hiberi,
1126 3431 1217 3484 neque

212 3499 259 3554 hic
271 3500 348 3553 locus
367 3500 403 3553 sit
415 3501 566 3569 particulae
578 3518 619 3568 ac,
632 3501 756 3571 suspicor
772 3501 963 3570 reponendum
979 3518 1041 3555 esse
1055 3507 1218 3570 penetratae

213 3589 313 3641 Media
337 3587 447 3641 Albani
468 3588 595 3642 Hiberia.
646 3590 689 3641 Ex
718 3590 791 3643 Flor.
811 3588 848 3642 iii.
868 3601 890 3657 5.
912 3603 941 3642 21
970 3589 1080 3656 Hiberi,
1111 3590 1217 3658 Caspii,

213 3674 325 3728 Albani
336 3684 363 3727 et
377 3675 410 3727 28
423 3677 535 3744 agnouit
546 3676 688 3741 Hiberiae,
703 3677 829 3744 peperat
840 3675 962 3728 Albanis
978 3676 1077 3744 colligo
1089 3677 1217 3730 Albanos

214 3761 299 3815 etiam
312 3760 426 3814 Traiani
440 3770 532 3814 aetate
546 3760 702 3815 dictitatam
715 3763 867 3831 regionem,
880 3778 937 3816 non
947 3763 1105 3830 Albaniam,
1119 3781 1218 3833 quam-

214 3848 256 3902 uis
269 3848 303 3901 ab
315 3849 441 3902 Albania
453 3865 506 3900 sua
518 3848 594 3902 idem
607 3850 705 3902 Florus
719 3848 756 3903 iii.
772 3861 795 3917 5.
810 3850 842 3903 28
860 3849 1010 3918 scripserit.
1024 3849 1130 3904 Velleio
1144 3860 1218 3904 certe

596 3953 597 3956 ¹
694 3961 740 4011 Ῐ57
