2996 4520
571 434 727 494 VELLEI
749 433 990 495 PATERCVLI

278 598 436 674 euasimus‚
460 601 601 662 clusimus
622 603 772 680 partibus!
807 615 920 680 quanto
947 624 1016 664 cum
1044 615 1279 681 temperamento

279 698 393 761 isimul
404 699 536 760 utilitatis
550 721 595 761 res
606 701 779 762 auctoritate
790 702 973 780 imperatoris
986 701 1034 780 agi
1047 702 1196 764 uidimus!
1221 724 1279 780 qua

279 797 437 873 prudentia
464 798 588 859 hiberna
611 799 755 877 disposita
775 805 862 860 sunt!
897 813 1010 878 quanto
1035 821 1124 878 opere
1148 800 1280 862 inclusus

280 897 422 958 custodiis
436 899 579 960 exercitus
594 900 694 974 nostri,
710 922 748 961 ne
763 921 822 978 qua
840 912 941 979 posset
959 921 1122 978 erumpere·
1134 899 1280 978 inopsque

280 994 432 1072 copiarum
447 1009 476 1058 et
490 996 566 1058 intra
580 1019 611 1059 se
625 1001 724 1059 furens
739 999 850 1060 uiribus
865 999 958 1061 hostis
972 1002 1209 1077 elanguesceret!
1294 1016 1307 1062 5

202 1103 268 1155 '112
322 1094 403 1154 Felix
420 1108 539 1169 euentu,
555 1099 629 1157 forte
652 1108 761 1158 conatu
783 1097 878 1174 prima
899 1109 1010 1158 aestate
1033 1096 1103 1161 belli
1126 1095 1280 1156 Messalini

255 1213 356 1270 aopus
385 1196 589 1255 mandandum
617 1207 662 1255 est
689 1194 857 1255 memoriae.
911 1194 962 1272 qui
989 1193 1034 1254 uir
1061 1193 1163 1254 animo
1191 1192 1279 1254 etiarn

280 1311 370 1368 quam
381 1303 469 1369 gente
483 1292 610 1354 nobilior
624 1292 874 1371 dignissimusque‚
887 1293 939 1370 qui
949 1303 979 1353 et
989 1303 1102 1370 patrem
1115 1291 1279 1353 Coruinum

280 1388 432 1450 habuisset
458 1403 489 1451 et
516 1411 684 1468 cognomen
715 1412 802 1451 suum
837 1393 944 1453 Cottae
978 1389 1058 1451 fratri
1092 1389 1277 1467 relinqueret,
1339 1415 1345 1445 ·.

279 1488 464 1566 praepositus
479 1489 597 1566 Illyrico
611 1489 709 1550 subita
727 1488 888 1550 rebellione
902 1509 971 1548 curn
986 1487 1150 1565 semiplena
1163 1487 1279 1565 legione
1296 1516 1327 1552 ιο

281 1586 423 1647 uicesima
445 1587 644 1648 circumdatus
666 1587 766 1648 hostili
790 1587 918 1648 exercitu
934 1586 1062 1664 amplius
1081 1585 1186 1664 uiginti
1200 1585 1300 1645 milia.

282 1681 438 1765 [hostiurn]
454 1683 530 1745 ludit
544 1684 716 1762 fugauitque
727 1696 756 1744 et
768 1685 808 1745 ob
819 1684 850 1745 id
861 1683 1042 1744 ornamentis
1054 1683 1280 1761 triumphalibus

255 1785 444 1846 ahonoratus
468 1797 520 1845 est.
577 1785 619 1846 ita
641 1788 778 1863 placebat
805 1786 935 1848 barbaris
964 1807 1104 1847 numerus
1133 1807 1211 1859 suus,
1241 1785 1282 1845 ita

281 1881 391 1942 fiducia
418 1881 534 1956 uirium,
563 1895 596 1943 ut
626 1884 808 1962 ubicumque
837 1886 947 1946 Caesar
973 1896 1059 1957 esset,
1089 1883 1163 1943 nihil
1190 1883 1221 1942 in
1249 1904 1281 1942 se

281 1990 465 2056 reponerent.
509 2001 575 2058 pars
600 1981 743 2042 exercitus
766 2003 878 2056 eorum,
902 1982 1054 2060 proposita
1077 1981 1133 2059 ipsi
1157 1981 1227 2042 duci
1251 1993 1281 2040 et
1299 2005 1327 2053 15

281 2078 320 2136 ad
342 2076 494 2137 arbitrium
519 2077 735 2157 utilitatemque
755 2091 887 2140 nostram
912 2091 1059 2139 macerata
1079 2081 1281 2156 perductaque

281 2176 321 2234 ad
335 2173 514 2235 exitiabilem
528 2177 647 2250 famem,
663 2197 761 2254 neque
775 2176 934 2237 instantem
950 2176 1094 2237 sustinere
1108 2197 1206 2254 neque
1222 2177 1281 2244 †ut

281 2270 458 2331 facientibus
483 2271 600 2349 copiam
625 2273 778 2350 pugnandi
802 2273 1063 2352 derigentibusque
1090 2273 1186 2334 aciem
1210 2293 1282 2333 ausa

225 2363 229 2368 ’
282 2368 423 2445 congredi
444 2381 590 2446 occupato
615 2382 718 2431 monte
742 2371 870 2432 Claudio
892 2370 1057 2430 munitione
1082 2391 1114 2430 se
1138 2369 1279 2431 defendit.

254 2478 312 2538 4at
337 2487 372 2526 ea
395 2487 471 2544 pars,
495 2488 572 2545 quae
594 2467 715 2529 obuiam
738 2490 770 2530 se
792 2470 935 2530 effuderat
957 2467 1105 2542 exercitui,
1131 2488 1221 2546 quem
1244 2471 1279 2527 A.
1298 2494 1329 2527 ιο

283 2562 413 2625 Caecina
440 2576 470 2624 et
494 2564 632 2625 Siluanus
660 2566 793 2626 Plautius
821 2568 990 2626 consulares
1018 2586 1054 2626 ex
1082 2565 1281 2626 transmarinis
1482 2565 1483 2608 l

281 2662 472 2722 adducebant
513 2661 682 2740 prouinciis,
723 2663 901 2724 circumfusa
941 2661 1075 2739 quinque
1115 2661 1281 2740 legionibus

316 2832 328 2864 1
347 2818 475 2865 euasimus
487 2825 608 2880 suprascr.
622 2818 677 2866 eius
689 2818 754 2866 imus
765 2818 791 2865 A
804 2837 810 2867 :
827 2819 956 2866 euasimus
968 2817 1030 2866 PB:
1051 2819 1186 2866 uniuersas
1198 2819 1282 2866 euasi-

281 2897 347 2940 mus,
366 2882 487 2931 elusimus
504 2883 619 2944 partibus
650 2884 760 2932 Thomas
774 2890 799 2944 p.
812 2900 853 2944 29,
870 2885 921 2934 ha.
941 2885 1102 2932 ‘una'uersum
1122 2884 1216 2932 hastam
1232 2885 1284 2932 sana

281 2947 375 2995 damno
386 2948 549 3010 madentibus,
562 2950 634 2996 sectati
646 2954 730 2997 tamen
735 2950 795 3011 fim'
802 2955 905 3012 poterat,
918 2950 1036 3012 pannulis
1046 2949 1146 3010 proeliis
1156 2965 1281 2997 concursa-

282 3014 388 3060 u'onihus
404 3013 568 3062 eludcnirhus’
674 3030 690 3061 2
699 3015 809 3076 sortasse
826 3015 977 3063 simulatae:
1006 3030 1120 3063 summae
1140 3013 1281 3062 Mommsen

281 3079 399 3126 utilitatis
410 3077 470 3141 ΑΡ,
483 3079 553 3139 quod
562 3095 592 3127 ex
606 3095 658 3138 127.
678 3095 694 3126 a
711 3081 845 3128 utilitatem
862 3081 1014 3128 auctoritate
1032 3080 1123 3128 muniri
1142 3080 1282 3128 uindicaui:

282 3144 411 3192 ciuilitatis
435 3143 559 3192 Ruhnken
583 3150 604 3192 ct
627 3144 749 3208 Maduig:
778 3146 852 3193 simul
878 3146 932 3194 util.
950 3145 1105 3207 reipublicae
1129 3153 1154 3193 et
1174 3147 1282 3194 auctori·

282 3209 342 3257 tatis
359 3210 521 3270 imperatoris
537 3210 610 3258 Kn'ta
725 3228 740 3273 4
751 3212 862 3272 fortasse
878 3219 906 3259 ut
929 3226 962 3258 ne
1084 3211 1183 3258 6sorte
1205 3218 1282 3272 supra

282 3290 384 3322 uersum
405 3275 476 3322 habri
493 3275 520 3323 A
621 3278 636 3324 8
653 3292 703 3336 que
726 3276 820 3324 addua
840 3276 960 3324 Heinsius
1060 3291 1088 3323 11
1107 3276 1215 3337 amplius
1238 3275 1282 3324 ii.

282 3341 394 3388 hostium
406 3339 445 3388 P:
475 3357 490 3388 a
509 3356 533 3387 m
549 3340 587 3388 ii
602 3341 638 3402 A,
651 3340 720 3403 quod
732 3343 794 3389 sr'tnr
812 3343 921 3403 amplius
937 3342 1004 3389 milia
1023 3341 1115 3401 uiginti
1129 3358 1163 3389 an
1178 3342 1284 3404 amphus

282 3406 374 3466 uiginti
393 3405 462 3454 milia
482 3407 624 3468 ambigitur.
659 3406 730 3454 Num
747 3408 780 3455 ad
797 3424 832 3454 xx
849 3407 935 3456 miliat
1037 3410 1068 3455 16
1080 3413 1138 3470 post
1152 3407 1282 3455 arbitrium

282 3470 387 3518 deletum
399 3472 470 3518 estin
482 3472 508 3519 Α
521 3471 592 3520 ducis
697 3487 726 3532 17
741 3473 865 3520 instantes
876 3471 1007 3520 Aa'dahus
1101 3481 1128 3521 ut
1140 3471 1207 3520 AP:
1226 3488 1282 3520 cum

282 3534 418 3585 Ruhnken:
429 3536 538 3597 sortasse
554 3538 650 3586 nostris
729 3540 759 3586 18
777 3538 952 3598 derigentibus
963 3553 1029 3598 quae
1041 3537 1086 3586 A:
1104 3538 1283 3597 dirigentibus·

282 3617 332 3662 que
343 3600 395 3647 BP
441 3603 522 3650 aciem
530 3611 651 3665 suprascr.
665 3603 745 3652 aciam
757 3603 799 3652 A:
820 3604 900 3652 aciem
911 3602 952 3651 B:
970 3603 1047 3651 etiam
1055 3602 1085 3663 P,
1097 3603 1141 3650 scd
1145 3601 1285 3651 Rhenanus

282 3667 309 3713 r'n
321 3682 402 3728 marg.
418 3667 495 3715 ‘alias
507 3669 588 3716 aciem
597 3668 618 3717 ’:
629 3669 739 3730 srmasse
748 3684 777 3716 ac
790 3669 841 3726 (uel
850 3669 937 3730 atque)
951 3670 1002 3716 iam
1014 3667 1189 3729 derigentibus
1201 3669 1282 3716 aciem

282 3747 315 3779 ao
331 3739 358 3780 at
370 3731 439 3780 eaB
453 3738 475 3779 rt
485 3732 625 3782 Rhenanus
640 3734 667 3782 in
684 3733 817 3797 marg.P:
844 3733 980 3783 alteraAr
1005 3741 1081 3782 antea
1098 3733 1124 3780 P
1193 3733 1281 3794 queA

282 3813 312 3844 ar
332 3797 452 3910 lesclius
464 3799 489 3846 A
604 3815 636 3847 aa
654 3801 751 3848 circum
766 3798 807 3849 P:
831 3816 903 3849 raum
921 3801 1020 3863 (craum
1036 3799 1142 3862 Frchter)
1159 3805 1283 3861 suprascr.

282 3878 377 3912 circum

756 3955 802 3992 122
