2996 4520
597 424 727 482 LIBER
749 423 781 482 Il

229 591 365 666 Longum
387 600 432 650 est
452 608 576 662 narrare,
599 588 722 667 quidet
746 588 884 666 quotiens
904 609 993 650 ausus
1015 589 1060 663 sit,
1076 600 1189 668 quanto
1201 601 1242 660 42
1299 603 1301 613 ¹

189 707 277 764 opere
298 699 406 748 conata
424 687 487 748 eius
506 687 558 764 qui
580 687 735 748 obtinebat
757 687 859 747 Asiam
881 687 1066 765 magistratus
1085 687 1189 766 populi

190 784 320 845 Romani
339 795 420 845 metu
440 805 495 844 suo
516 783 697 844 destituerit:
722 784 796 844 illud
814 786 953 845 referatur
974 786 1189 845 documentum

188 882 263 942 tanti
276 902 347 942 mox
360 882 477 942 euasuri
491 881 554 942 uiri.
598 902 675 959 quae
689 903 749 942 nox
763 903 829 942 eam
844 883 924 943 diem
943 894 1045 943 secuta
1061 894 1114 956 est,
1130 903 1190 960 qua
1205 909 1217 943 2

160 979 308 1056 5publica
336 978 490 1039 ciuitatum
515 979 642 1056 pecunia
669 981 840 1056 redemptus
868 991 921 1053 est,
950 979 991 1045 ita
1018 992 1127 1054 tamen,
1157 991 1190 1040 ut

188 1087 306 1155 cogeret
334 1087 403 1138 ante
432 1077 552 1138 obsides
580 1098 598 1137 a
621 1077 721 1154 piratis
750 1076 918 1137 ciuitatibus
941 1077 1012 1151 dari,
1039 1088 1190 1137 contracta

189 1178 282 1236 classe
296 1185 326 1235 et
347 1174 479 1251 priuatus
499 1185 528 1234 et
547 1174 737 1234 tumultuaria
755 1174 890 1235 inuectus
905 1174 935 1234 in
950 1195 1019 1254 eum
1034 1177 1142 1249 locum,
1159 1175 1189 1234 in

189 1293 250 1350 quo
277 1271 334 1349 ipsi
358 1274 524 1348 praedones
549 1283 639 1344 erant,
663 1283 777 1348 partem
804 1271 905 1332 classis
929 1271 1049 1349 fugauit,
1075 1282 1189 1349 partem

190 1371 299 1443 mersit,
325 1369 438 1447 aliquot
459 1369 544 1430 nauis
567 1371 736 1446 multosque
759 1369 889 1430 mortalis
912 1369 990 1446 cepit
1000 1391 1009 1444 3
1034 1372 1217 1448 laetusque3

146 1495 177 1530 ιο
191 1479 353 1528 nocturnae
381 1466 577 1544 expeditionis
605 1466 756 1544 triumpho
789 1468 840 1540 ad,
863 1487 933 1527 suos
967 1487 1101 1527 reuersus
1136 1478 1189 1540 est,

191 1563 399 1641 mandatisque
421 1564 575 1625 custodiae
594 1585 669 1643 quos
689 1575 814 1642 ceperat,
830 1565 862 1625 in
881 1564 1051 1642 Bithyniam
1065 1564 1191 1642 perrexit

190 1663 230 1721 ad
243 1663 453 1738 proconsulem
469 1664 597 1721 Iuncum
613 1662 705 1742 (idem
720 1661 800 1722 enim
815 1662 918 1722 Asiam
937 1682 1063 1739 eamque
1078 1662 1192 1739 obtine-

190 1757 254 1837 bat)
276 1768 389 1835 petens,
410 1769 442 1818 ut
460 1770 564 1818 auctor
581 1761 664 1819 fieret
682 1759 820 1820 sumendi
839 1761 878 1819 de
899 1759 1025 1836 captiuis
1047 1759 1191 1837 supplici:

191 1856 274 1933 quod
289 1875 358 1914 cum
372 1854 421 1915 ille
436 1875 467 1916 se
481 1857 627 1916 facturum
642 1867 777 1934 negasset
791 1856 1042 1934 uenditurumque
1056 1857 1191 1934 captiuos

147 1979 176 2028 15
191 1951 313 2012 dixisset
342 1951 465 2032 (quippe
493 1954 671 2030 sequebatur
698 1953 812 2014 inuidia
839 1953 996 2033 inertiam),
1025 1953 1191 2015 incredibili

191 2049 341 2110 eeleritate
363 2060 498 2110 reuectus
520 2051 560 2110 ad
582 2070 671 2124 mare,
687 2050 859 2128 priusquam
883 2053 921 2111 de
944 2071 980 2111 ea
1001 2072 1032 2112 re
1054 2051 1106 2112 ulli
1127 2071 1192 2128 pro-

192 2147 322 2208 consulis
345 2149 538 2208 redderentur
556 2147 707 2225 epistulae,
724 2148 829 2221 omnis‚
846 2169 921 2226 quos
943 2160 1068 2226 ceperat,
1084 2149 1191 2210 suffixit

192 2245 280 2306 cruci.

234 2344 320 2403 Idem
349 2362 419 2401 mox
446 2343 485 2402 ad
512 2343 711 2404 sacerdotium
738 2343 903 2404 ineundum
933 2341 1056 2423 (quippe
1082 2344 1191 2404 absens
1204 2368 1244 2426 43

148 2471 178 2505 ιο
192 2439 326 2517 pontifex
339 2441 433 2498 iactus
453 2451 514 2499 erat
533 2439 564 2499 in
584 2442 692 2502 Cottae
711 2441 872 2501 consularis
895 2443 1004 2514 locum,
1020 2462 1082 2500 cum
1096 2463 1192 2519 paene

192 2557 266 2614 puer
279 2557 297 2596 a
312 2536 411 2597 Mario
425 2537 583 2614 Cinnaque
597 2540 706 2598 flamen
721 2538 805 2598 dialis
820 2549 935 2598 creatus
950 2538 1073 2600 uictoria
1083 2541 1190 2613 Sullae,

193 2634 245 2712 qui
256 2634 357 2695 omnia
367 2634 406 2694 ab
420 2634 455 2694 iis
470 2645 536 2694 acta
546 2638 655 2695 fecerat
668 2635 764 2710 inrita,
776 2636 922 2697 amisisset
936 2637 968 2697 id
979 2635 1190 2715 sacerdotium)

227 2806 239 2838 1
257 2791 300 2852 qui
320 2827 328 2841 .
348 2828 355 2841 .
374 2827 381 2840 .
402 2806 479 2840 ausus
497 2791 529 2838 sit
546 2798 618 2840 tanto
640 2807 718 2854 opere
737 2800 899 2842 conata...
918 2792 1058 2840 destituere
1078 2793 1192 2841 Wilhclm

193 2872 209 2919 3
226 2865 295 2906 metu
316 2855 439 2907 Gelenius:
466 2864 535 2905 motu
555 2856 610 2904 AP
738 2859 879 2906 destituere
898 2857 956 2916 ΑΡ,
977 2874 1035 2906 corr.
1055 2858 1193 2906 Rhenanus

193 2941 209 2984 4
226 2929 317 2983 sequta
336 2921 362 2967 A
440 2922 553 2982 quamA
685 2937 701 2984 5
718 2923 894 2972 ciuitatiumP
967 2930 1008 2972 est
1016 2923 1086 2972 BA:
1106 2939 1156 2972 om.
1169 2922 1195 2969 P

194 3004 209 3049 7
227 2995 253 3036 et
273 2989 388 3049 priuatus
407 2995 433 3035 et
452 2994 533 3037 contr.
550 2987 582 3036 cl.
601 2989 762 3038 tumultuaria
787 2989 899 3037 Scn'ner:
922 2994 949 3036 et
968 2991 1083 3049 priuatus
1103 2995 1130 3037 et
1148 2988 1191 3037 del.

193 3053 224 3102 F.
236 3053 310 3100 Rau
317 3071 323 3102 :
341 3053 459 3114 priuatim
470 3060 496 3101 et
506 3054 668 3102 tumultuarie
681 3055 785 3103 Cludius
796 3055 863 3117 quod
869 3055 913 3102 uin
923 3055 1083 3102 neoessan'um
1148 3054 1191 3101 ubi

194 3118 248 3181 del,
262 3118 317 3166 dein
328 3126 448 3180 suprascr.
467 3119 494 3166 in
511 3135 562 3180 quo
579 3118 605 3165 A
712 3135 729 3180 9
746 3121 865 3169 mortales
882 3118 938 3166 AP
1035 3134 1063 3168 11
1077 3121 1192 3169 custodia

1032 3197 1080 3226 Cum

194 3232 311 3294 equosA
367 3233 511 3294 Bythin.A
614 3249 643 3281 12
664 3234 764 3284 lunium
777 3234 902 3298 cumAP‚
913 3235 937 3284 h.
949 3250 968 3284 e.
983 3235 1083 3283 Iunium
1135 3234 1194 3283 Vide

193 3298 323 3362 Nipperdei
336 3299 422 3360 Opusc.
434 3306 477 3361 pp.
490 3302 539 3359 326
553 3304 577 3347 et
591 3301 640 3360 448
705 3301 772 3350 idem
789 3302 856 3349 enim
872 3300 961 3349 Asiam
975 3317 1033 3349 eam
1046 3317 1123 3362 quam
1140 3302 1192 3350 obt.

193 3363 259 3414 AP:
284 3365 317 3412 id.
334 3380 375 3412 en.
388 3364 476 3412 Asiam
494 3365 625 3414 obtinebat
641 3365 783 3428 Ai'pperdei:
811 3367 897 3429 sm'psi
911 3381 967 3414 cum
985 3367 1070 3429 Lipsio
1086 3382 1192 3427 eamque

193 3430 243 3480 lae.
261 3430 423 3490 Bithyniam:
444 3436 571 3490 tamquam
588 3432 639 3480 obt.
654 3431 684 3481 G.
696 3431 731 3480 A.
748 3431 816 3480 Koch
958 3447 988 3493 13
1005 3431 1125 3494 supplicii
1141 3431 1196 3479 ΑΡ

196 3510 226 3555 14
242 3495 351 3556 negauit
367 3503 488 3555 negasset
499 3496 525 3541 A
539 3495 550 3559 (
571 3497 595 3560 ¹)
664 3512 693 3557 15
710 3498 831 3545 inuidiam
843 3495 935 3545 inertia
946 3497 1033 3545 Haase
1039 3498 1196 3559 probabiliter

133 3640 136 3646 ι
196 3594 224 3638 17
243 3581 413 3628 redderentur
424 3579 459 3628 B:
481 3580 634 3629 redderetur
644 3579 699 3626 ΑΡ
770 3572 830 3643 ep—la
836 3580 882 3628 A:
902 3581 1013 3641 epistula
1024 3581 1065 3630 B:
1083 3581 1192 3642 epistola

193 3643 233 3692 P:
262 3645 370 3706 ‘opinor
393 3644 533 3704 legendum
555 3644 694 3707 epistulae’
717 3646 800 3695 Burer
880 3662 969 3694 omnes
992 3646 1047 3694 ΑΡ
1160 3662 1192 3693 ao

194 3726 250 3758 cum
262 3710 358 3758 addidit
368 3709 469 3772 Lipsius
559 3726 590 3758 aa
607 3712 691 3759 omnia
709 3712 741 3760 ab
761 3713 792 3760 iis
812 3712 1002 3778 &amesseae
1022 3719 1079 3762 acta
1096 3712 1192 3761 lecerat

192 3776 262 3824 irrita
277 3775 303 3821 A
318 3775 390 3838 (siclt
421 3791 486 3822 num
502 3777 587 3825 omnia
604 3792 670 3838 quae
681 3779 713 3826 ab
725 3777 757 3826 iis
768 3784 825 3826 acta
837 3785 971 3840 acceperat
983 3777 1000 3827 s.
1012 3779 1100 3828 irrital
1165 3778 1192 3825 id

195 3841 322 3890 Gelenius:
339 3841 371 3889 ad
383 3839 438 3887 ΑΡ

699 3939 729 3991 61
