2996 4520
516 515 517 520 .
582 428 738 512 ,arasa
760 395 793 487 11

163 585 170 592 ’
204 604 265 654 tem
282 591 385 670 populi
403 591 533 652 Romani
552 609 676 669 regnum
697 590 760 650 eius
782 589 940 650 Artauasdi
954 589 1044 650 dedit.
1088 587 1199 652 †cuius

204 713 253 751 rex
274 711 394 769 quoque
415 693 591 750 Parthorum
612 689 686 749 tanti
707 689 836 749 nominis
856 691 935 748 fama
956 688 1071 748 territus
1092 687 1200 747 liberos

204 809 273 849 suos
287 791 326 849 ad
341 782 498 852 Caesarem
513 787 593 848 misit
607 787 736 848 obsides.

244 888 411 946 Reuersum
435 886 506 946 inde
530 887 683 945 Neronem
708 886 817 947 Caesar
844 885 924 944 haud
949 881 1106 943 mediocris
1131 880 1201 942 belli
1215 892 1258 952 95

176 986 283 1047 5mole
311 984 433 1062 experiri
461 983 570 1057 statuit,
599 983 733 1043 adiutore
763 982 860 1059 operis
888 984 959 1042 dato
991 983 1077 1041 fratre
1109 979 1201 1057 ipsius

205 1083 304 1140 Druso
332 1081 468 1154 Claudio,
494 1101 584 1158 quem
612 1079 688 1160 intra
716 1079 850 1140 Caesaris
877 1065 1000 1156 penates
1027 1078 1113 1138 enixa
1140 1085 1202 1138 erat

189 1176 298 1262 ,Liuia
353 1178 463 1255 quippe
491 1189 615 1255 uterque
643 1175 746 1236 diuisis
773 1175 905 1253 partibus
934 1179 1046 1236 Raetos
1070 1175 1228 1236 vindeb-2

132 1315 133 1320 .
203 1295 316 1352 cosque
330 1277 467 1353 adgressi,
481 1275 581 1336 multis
595 1275 713 1335 urbium
728 1276 915 1334 castellorum
930 1273 1201 1351 oppugnationibus

206 1393 347 1433 necnon
372 1376 491 1434 derecta
511 1396 632 1453 quoque
655 1376 719 1436 acie
741 1375 865 1436 feliciter
891 1375 985 1436 suncti
1009 1375 1104 1452 gentis
1128 1374 1201 1434 locis

163 1486 194 1521 10
207 1473 375 1546 tutissimas
404 1474 486 1534 aditu
514 1476 709 1551 difficillimas,
739 1497 867 1537 numero
892 1476 1062 1554 frequentis,
1088 1475 1202 1535 feritate

206 1571 295 1631 trucis
310 1571 420 1632 maiore
435 1593 504 1632 cum
518 1573 649 1651 periculo
664 1595 754 1652 quam
774 1577 885 1634 damno
901 1559 1031 1634 Romani
1048 1572 1200 1645 exercitus,

205 1673 332 1750 plurimo
357 1694 425 1733 cum
450 1695 551 1735 earum
579 1675 721 1752 sanguine
748 1677 989 1753 perdomuerunt.
1032 1684 1101 1734 ante
1125 1693 1231 1749 quae3

205 1781 340 1848 tempora
367 1792 491 1831 censura
518 1772 621 1832 Planci
648 1783 677 1832 et
705 1772 790 1832 Pauli
821 1783 888 1831 acta
919 1771 995 1830 inter
1022 1770 1202 1830 discordiam

205 1889 303 1946 neque
330 1869 401 1946 ipsis
428 1869 535 1930 honori
562 1891 660 1948 neque
687 1870 729 1930 rei
756 1869 893 1947 publicae
917 1869 984 1929 usui
1007 1871 1109 1942 fuerat,
1133 1888 1202 1927 curn
1300 1881 1304 1888 ·

96 1989 99 2000 ·
161 1979 191 2050 15
205 1965 287 2026 alteri
314 1965 360 2026 uis
384 1966 525 2040 censoria,
551 1967 634 2026 alteri
661 1966 723 2026 uita
746 1969 871 2039 deesset,
896 1968 1004 2026 Paulus
1028 1965 1078 2024 u'ix
1101 1975 1203 2041 posset

204 2063 326 2141 implere
347 2085 509 2138 censorem,
533 2068 660 2126 Plancus
678 2066 789 2126 timere
808 2067 938 2139 deberet,
961 2064 1201 2142 necquidquam

205 2161 324 2221 obicere
348 2173 449 2238 posset
471 2161 712 2224 adulescentibus
736 2175 788 2223 aut
809 2162 965 2223 obicientis
985 2161 1096 2235 audire,
1118 2162 1202 2238 quod

205 2280 267 2320 non
280 2271 453 2336 agnosceret
466 2280 563 2320 senex.

247 2360 331 2418 Mors
345 2358 455 2418 deinde
470 2359 626 2437 Agrippae,
643 2360 694 2438 qui
708 2359 872 2420 nouitatem
892 2379 975 2420 suam
995 2357 1095 2418 multis
1114 2358 1202 2418 rebus
1216 2348 1261 2421 96

76 2463 81 2540 J
161 2445 193 2512 ao
207 2455 417 2543 nobilitauerat,
434 2467 523 2534 atque
544 2458 575 2516 in
596 2461 655 2518 hoc
675 2461 859 2536 perduxerat,
874 2469 907 2518 ut
925 2467 955 2516 et
977 2456 1105 2517 Neronis
1126 2467 1204 2516 esset

206 2573 297 2627 socer,
313 2553 457 2631 cuiusque
478 2555 587 2616 liberos
607 2568 732 2634 nepotes
753 2547 822 2616 suos
844 2555 931 2615 diuus
951 2557 1103 2630 Augustus
1124 2573 1205 2630 prae-

241 2724 252 2756 1
271 2709 394 2758 Artauzdi
403 2709 472 2758 AB:
492 2709 629 2759 Artauasdi
641 2711 679 2760 P:
692 2710 884 2759 ‘restituendum
896 2709 981 2758 Velleio
988 2710 1111 2759 Artauzdi
1124 2709 1204 2756 multa

123 2823 125 2828 ,
201 2773 357 2837 persuadent.
393 2774 463 2822 Nam
486 2777 563 2823 littera
585 2793 599 2824 z
621 2778 683 2824 clare
703 2779 776 2825 ettam
800 2777 875 2823 rua‘sa
897 2776 967 2824 Mon.
983 2776 1047 2823 Auc.
1065 2777 1108 2823 lat.
1122 2775 1155 2823 vi.
1175 2789 1202 2821 11

205 2839 366 2900 Artauazdis,
389 2841 430 2887 uel
453 2840 575 2888 Armenio
602 2843 719 2890 scn'beudi
739 2857 825 2905 genere
845 2841 975 2889 Artauazd
1004 2839 1204 2888 commendatur'

211 2905 321 2953 Thomas
327 2913 356 2967 p.
370 2920 398 2953 11
515 2907 586 2955 cuius
597 2907 663 2956 AP:
675 2909 746 2956 cuius
759 2911 809 2956 ‘sc.
822 2907 860 2956 Ti.
874 2907 1000 2954 Neronis'
1017 2907 1125 2953 Thomas
1136 2921 1159 2966 p.
1173 2921 1205 2952 22

206 2986 222 3031 3
240 2971 341 3018 Caerem
360 2970 412 3031 del,
426 2970 481 3019 dein
492 2979 612 3034 suprascr.
625 2972 788 3021 CaesaremA
888 2990 903 3033 4
921 2972 1029 3020 indeP:
1047 2971 1140 3019 deinde
1149 2970 1202 3021 del..

207 3036 262 3084 deru
273 3043 392 3098 suprascr.
408 3037 434 3084 in
445 3036 471 3083 A
550 3053 565 3098 5
582 3039 649 3086 mole
658 3038 792 3086 Heinsius:
810 3039 903 3086 molem
915 3037 954 3086 P:
972 3053 1068 3085 morem
1079 3036 1105 3083 A
1190 3051 1203 3095 7

207 3102 296 3149 diuisis
307 3101 375 3149 AP:
392 3101 461 3163 quod
470 3102 604 3150 ur'ude'caur't
614 3103 679 3151 Boot
688 3120 718 3151 ex
728 3105 785 3153 Lr'u.
797 3120 836 3164 44.
849 3120 878 3152 11
945 3119 960 3150 e
972 3103 1082 3150 diuersis
1089 3101 1203 3164 Stauger,

207 3167 236 3227 cf.
251 3182 306 3227 109.
319 3181 333 3226 5
385 3167 482 3215 Raetos
493 3166 538 3216 A:
559 3169 659 3218 Rhetos
670 3169 696 3217 P
792 3173 807 3218 8
825 3176 851 3217 et
863 3175 924 3218 cast.
937 3168 977 3217 P:
995 3168 1206 3228 castellorumque

209 3230 323 3293 Orellicfi
335 3232 424 3281 Nova'lr
430 3240 456 3296 p.
469 3234 502 3294 98
575 3236 650 3294 94&
665 3236 767 3282 derecta
781 3234 891 3296 (siclAt
914 3235 1010 3282 directa
1025 3233 1051 3280 P
1113 3242 1205 3294 gentes

208 3297 434 3358 ...frequentes.
451 3305 574 3348 ..truces
589 3300 644 3347 ΑΡ
703 3307 704 3312 ’
736 3315 766 3348 10
783 3298 971 3348 difficilimasA
1068 3313 1097 3346 12
1115 3300 1206 3360 perdo-

208 3370 335 3411 muerunt.
358 3363 427 3412 Ante
444 3363 483 3412 P:
508 3365 684 3426 perdomuere.
707 3365 806 3414 Tantae
822 3366 848 3412 A
952 3380 981 3424 14
998 3363 1060 3424 ipsis
1078 3364 1206 3413 Gelenius:

208 3429 257 3490 ipsi
269 3428 324 3476 AP
419 3430 503 3478 fuerat
516 3424 602 3480 Orelli:
619 3430 751 3478 soretAP
807 3430 880 3478 uerba
898 3445 955 3477 cum
974 3429 1047 3477 alteri
1061 3429 1206 3477 ...timere

208 3496 316 3542 deberet
323 3511 374 3543 om.
381 3494 407 3541 A
477 3510 507 3555 15
520 3497 619 3543 censori
629 3495 668 3544 P:
681 3496 798 3545 censoria
807 3496 946 3543 Burmann
956 3513 962 3543 z
972 3495 1086 3542 censoris
1096 3495 1207 3542 Geleurus

209 3562 240 3608 16
257 3576 305 3608 nec
324 3563 368 3622 (ne
390 3560 424 3623 P)
444 3561 579 3622 quicquam
594 3560 648 3608 ΑΡ
796 3578 824 3624 17
842 3561 961 3617 obiicere,
981 3561 1130 3608 obiicientes
1155 3559 1210 3606 ΑΡ

208 3625 300 3673 Malim
311 3627 379 3687 quod
392 3642 444 3674 non
456 3628 511 3688 ipse
524 3625 550 3671 in
562 3642 590 3674 se
602 3643 625 3676 a.
638 3642 659 3676 s.
758 3643 789 3690 19
804 3626 957 3688 AgrippeA
1059 3641 1092 3674 ao
1108 3631 1135 3674 et
1145 3625 1204 3688 ΑΡ,

209 3692 376 3742 numetiaml
475 3707 505 3739 21
525 3691 611 3756 diuus]
625 3693 657 3742 D.
669 3691 723 3740 AP
787 3731 788 3734 .

685 3924 732 3979 107
