2996 4520
605 452 734 510 LIBER
756 452 788 510 II

197 629 226 679 et
240 639 258 678 a
272 617 413 679 militibus
428 630 458 679 et
472 639 489 678 a
503 621 621 680 fortuna
635 620 768 678 desertus
783 620 925 695 pulloque
939 621 1054 679 uelatus
1068 618 1197 680 amiculo

197 716 272 777 inter
286 717 419 777 ultimam
431 716 646 778 confluentium
661 719 699 777 ad
712 719 870 778 Caesarem
881 717 997 777 turbam
1012 721 1106 778 latens
1117 719 1196 796 geni-

197 816 252 875 bus
267 815 329 876 eius
350 818 509 876 aduolutus
531 827 583 875 est.
627 813 689 874 uita
708 835 865 891 rerumque
887 835 1005 874 suarum
1028 815 1195 876 dominium

195 900 338 974 concessa
352 913 379 974 ei
394 925 470 987 sunt,
487 913 619 991 spoliata,
636 933 726 990 quam
741 913 816 974 tuen'
829 933 890 972 non
905 924 1028 990 poterat,
1045 913 1179 990 dignitas.

166 1033 179 1080 5
235 1010 339 1076 Subita
359 1011 469 1071 deinde
492 1011 635 1071 exercitus
658 1009 773 1084 seditio,
796 1010 847 1087 qui
868 1013 1043 1087 plerumque
1064 1023 1195 1072 contem·
1208 1014 1242 1072 81

194 1112 291 1188 platus
314 1111 510 1188 frequentiam
538 1132 622 1171 suam
650 1131 668 1170 a
696 1111 852 1189 disciplina
879 1111 1018 1172 desciscit
1044 1124 1082 1186 et,
1112 1116 1194 1190 quod

195 1229 300 1286 cogere
314 1230 346 1270 se
360 1221 445 1287 putat
458 1230 554 1287 posse,
570 1230 672 1287 rogare
686 1231 748 1270 non
763 1209 895 1282 sustinet,
908 1209 1014 1286 partim
1030 1211 1193 1285 seueritate,

195 1307 301 1382 partim
316 1307 489 1367 liberalitate
502 1307 636 1368 discussa
650 1307 798 1385 principis,
812 1307 1040 1385 speciosumque
1051 1329 1103 1385 per
1114 1307 1195 1370 idern
1210 1337 1222 1370 a

195 1416 312 1482 tempus
333 1405 482 1465 adiectum
505 1408 746 1483 supplementum
769 1408 941 1483 Campanae
964 1407 1129 1468 coloniae*
1147 1431 1162 1464 a
1179 1431 1194 1464 a

152 1529 181 1562 10
195 1505 258 1565 eius
282 1502 376 1564 relicti
397 1515 480 1563 erant
502 1503 633 1580 publici:
663 1525 717 1581 pro
739 1504 785 1563 his
804 1507 893 1582 longe
912 1505 1061 1566 uberiores
1084 1507 1195 1568 reditus

196 1600 379 1661 duodeciens
407 1599 531 1660 sestertii
558 1599 589 1659 in
613 1603 701 1662 Creta
728 1600 825 1660 insula
852 1601 960 1662 redditi
981 1613 1011 1662 et
1032 1622 1110 1679 aqua
1130 1624 1196 1681 pro-

195 1698 292 1772 missa,
319 1719 395 1775 quae
417 1699 568 1776 hodieque
591 1698 736 1775 singulare
761 1709 790 1758 et
819 1698 996 1758 salubritatis
1020 1699 1138 1760 †instar
1165 1713 1195 1762 et

194 1797 381 1858 amoenitatis
409 1809 616 1857 ornamentum
645 1809 696 1857 est.
748 1797 863 1874 insigne
892 1818 1019 1858 coronae
1044 1799 1222 1873 classicae,3

194 1917 255 1974 quo
279 1917 369 1956 nemo
392 1917 534 1973 umquam
560 1899 766 1957 Romanorum
789 1898 917 1957 donatus
942 1908 1010 1972 erat,
1035 1900 1093 1959 hoc
1115 1900 1194 1960 bello

150 2015 178 2065 15
194 1993 325 2072 Agrippa
353 1993 491 2071 singulari
519 1993 626 2054 uirtute
655 1994 768 2054 meruit.
820 1994 914 2053 uictor
947 1993 1056 2056 deinde
1085 1998 1195 2057 Caesar

121 2166 125 2172 Ι
193 2112 327 2152 reuersus
341 2091 372 2150 in
387 2093 491 2152 urbem
506 2103 671 2152 contractas
686 2091 887 2169 emptionibus
902 2095 1068 2169 complures
1086 2095 1193 2154 domos

192 2209 244 2265 per
258 2199 470 2266 procuratores
486 2210 546 2266 quo
565 2189 656 2250 laxior
675 2191 758 2250 fieret
776 2187 876 2267 ipsius,
892 2189 1018 2266 publicis
1040 2211 1071 2250 se
1090 2190 1223 2259 usibus4

193 2287 339 2347 destinare
368 2289 516 2365 professus
549 2299 601 2361 est,
631 2289 836 2364 templumque
870 2287 1017 2364 Apollinis
1053 2300 1082 2348 et
1116 2289 1194 2350 circa

193 2383 322 2460 porticus
337 2387 482 2444 facturum
498 2384 640 2462 promisit,
657 2387 739 2462 quod
753 2385 792 2444 ab
807 2405 843 2445 eo
859 2383 997 2462 singulari
1012 2396 1192 2446 exstructum

149 2503 178 2537 20
192 2481 395 2543 munificentia
411 2495 463 2543 est

233 2581 302 2654 Qua
322 2593 434 2640 aestate
457 2583 567 2642 Caesar
589 2593 650 2640 tam
669 2601 808 2659 prospere
823 2580 970 2642 †Libium
985 2579 1016 2639 in
1031 2579 1130 2640 Sicilia
1145 2583 1191 2640 Br'r
1206 2581 1245 2639 82

192 2677 309 2737 fortuna
323 2677 354 2736 in
369 2680 496 2739 Caesare
511 2689 540 2738 et
556 2675 611 2759 [in]
627 2677 792 2755 republica
811 2677 947 2737 militauit
965 2679 1004 2738 ad
1028 2676 1189 2738 Orientem.

224 2851 240 2894 4
257 2835 321 2882 tueri
333 2834 370 2884 P:
388 2836 481 2883 intueri
493 2835 543 2882 BA
556 2853 562 2884 ι
580 2836 605 2882 ui
617 2837 682 2883 tueri
694 2835 835 2884 Doederlein
935 2849 949 2894 5
968 2835 1061 2883 Secuta
1072 2834 1192 2884 Boxleorn

191 2901 397 2961 8spaetiosu1nq.
414 2901 440 2948 A
558 2902 625 2950 idem
641 2900 686 2949 A:
713 2902 739 2948 id
756 2900 782 2948 P
895 2915 911 2962 9
929 2900 1057 2961 coloniae]
1075 2901 1192 2948 lacunam

187 2966 272 3026 posuit
284 2965 356 3012 Kn'ta
373 2981 451 3027 quam
468 2967 558 3028 expleri
571 2967 636 3014 iubet
651 2982 681 3013 ex
695 2966 786 3014 Diouis
800 2965 827 3016 C.
841 2981 880 3027 49.
896 2980 924 3026 14
942 2964 1005 3014 οὕτω
1018 2964 1063 3025 μὲν
1077 2963 1118 3014 οὖν
1133 2966 1191 3014 τότε

191 3028 245 3078 ποὺς
263 3030 412 3092 στρατιώτας
428 3031 577 3094 κατέστησε·
599 3031 637 3079 καὶ
655 3030 684 3078 τὸ
701 3029 746 3091 μὲν
763 3029 878 3093 ἀργύριον
895 3030 975 3080 αὐτοῖς
993 3029 1085 3090 αὐτίκα,
1103 3029 1148 3091 τὴν
1165 3029 1190 3080 δὲ

192 3094 275 3158 χώραν
287 3096 315 3143 οὐ
326 3098 410 3159 πολλῷ
418 3094 521 3160 ὕστερον
532 3095 610 3146 ἔδωκε.
639 3096 718 3158 ἐπειδὴ
729 3095 776 3159 γὰρ
788 3097 830 3144 οὐκ
841 3094 968 3160 ἐξήρκεσεν
979 3099 994 3158 ἡ
1007 3097 1033 3144 ἐν
1041 3098 1076 3158 τῷ
1087 3095 1191 3158 δημοσίῳ

192 3159 227 3210 ἔπι
244 3159 301 3209 τότε
318 3159 385 3220 οὖσα,
403 3161 589 3224 προσεξεπρίατο
604 3160 684 3224 ἄλλην
701 3179 729 3210 τε
746 3161 785 3210 nul
803 3161 865 3224 παρὰ
880 3162 929 3209 πῶν
946 3161 1082 3221 Καμπανῶν
1098 3162 1147 3209 τῶν
1165 3163 1191 3210 ὲν

191 3226 222 3288 πῇ
243 3225 328 3289 Καπύῃ
351 3227 480 3275 οἰκούντων
501 3226 604 3289 συχνήν·
637 3227 676 3275 καὶ
695 3225 743 3291 γὰρ
762 3226 861 3276 ἐποίκων
877 3231 893 3290 ἡ
912 3227 979 3276 πόλις
997 3229 1096 3275 πολλῶν
1116 3227 1191 3276 ἐδεῖτο

191 3298 239 3352 etc,
261 3291 325 3339 unde
341 3293 371 3342 L.
390 3309 413 3341 ο.
431 3293 479 3340 Ian
493 3292 592 3354 (Philol.
611 3293 646 3342 iii.
667 3309 690 3354 p.
712 3292 771 3355 339)
790 3294 915 3355 supplebat
933 3294 1025 3355 emptis
1040 3293 1132 3354 partim
1147 3293 1191 3354 qui

192 3358 368 3407 diuiderentur
386 3360 462 3420 agris,
480 3374 537 3407 cum
557 3375 609 3407 non
628 3361 775 3407 sufficerent
793 3360 835 3419 qui
855 3359 880 3406 in
901 3360 1056 3407 deductione
1073 3359 1191 3406 coloniae

191 3425 247 3471 eius
259 3440 277 3471 r.
291 3439 313 3471 e.
326 3424 438 3484 publici:
457 3425 540 3471 Halm
556 3440 586 3471 ex
596 3425 728 3472 conlectura
744 3425 874 3472 ueteranis
890 3423 916 3471 in
931 3440 1007 3485 agros
1019 3424 1135 3472 deductis
1147 3425 1190 3485 qui

191 3489 306 3536 coloniae
315 3489 370 3537 eius
380 3490 460 3539 relicti
468 3497 541 3538 erant
551 3490 644 3550 publici
688 3505 719 3537 ro
731 3489 936 3540 uberioresAP:
949 3491 1058 3551 sortasse
1067 3491 1191 3538 uberioris

193 3570 218 3601 11
240 3555 375 3603 duodeties
387 3555 499 3603 sestertii
513 3555 538 3602 in
551 3556 645 3603 Craeta
666 3554 692 3602 A
705 3573 710 3604 ε
730 3556 793 3603 S-H
806 3555 838 3616 P,
851 3555 906 3602 uide
919 3555 1015 3605 Comm.
1032 3555 1091 3604 Cre'l.
1161 3571 1191 3603 12

192 3620 388 3668 instrumentum
408 3620 517 3678 Gladius,
543 3621 587 3668 urit
603 3621 760 3683 probabiliter
864 3637 893 3681 13
911 3621 1017 3682 insigne.
1037 3621 1148 3669 Coronae
1163 3621 1189 3667 A

194 3701 222 3746 15
245 3686 407 3735 merueritA
420 3703 426 3735 ι
451 3702 515 3734 num
532 3689 675 3735 merueratl
767 3702 796 3746 17
815 3687 897 3733 laxior
918 3694 1039 3748 suprascr.
1062 3686 1188 3742 laxiusA

192 3765 222 3813 19
239 3759 302 3799 extr.
317 3751 372 3799 ΑΡ
462 3767 491 3799 21
512 3752 611 3799 Libium
623 3750 690 3807 AP:
718 3752 842 3813 Lepidum
858 3752 997 3800 Rhenanus
1071 3751 1191 3800 beneP:

192 3832 275 3878 paene
287 3816 381 3880 Schegk
442 3834 473 3866 22
485 3824 511 3866 et
522 3818 548 3865 in
561 3833 614 3878 rep.
625 3815 652 3864 A
665 3835 671 3865 :
688 3825 714 3866 et
727 3817 794 3880 Rep.
805 3817 835 3880 P,
851 3817 906 3865 uide
918 3817 1013 3866 Comm.
1028 3817 1085 3868 Cn't.

674 3953 705 4002 95
