3024 4568
411 421 457 480 IN
479 419 700 479 VELLEIVM
723 418 1011 481 PATERCVLVM

216 585 428 640 Artemidorum
453 587 611 640 Cornelium
636 585 770 640 medicum
792 590 819 638 et
839 585 1025 655 Tlepolemum
1053 585 1212 640 Cornelium

148 693 150 698 ·
210 676 354 742 pictorem.
392 674 473 742 Prop.
492 673 525 727 iv.
548 684 569 740 5.
589 685 621 741 35
643 674 761 742 ingerat
779 673 895 743 Apriles
914 674 972 726 lale
989 673 1047 727 tili.
1084 672 1158 727 Dial.
1178 673 1213 726 de

218 762 294 815 Orat.
315 772 330 826 7
347 778 466 829 quarum
489 764 603 814 uomina
619 763 705 829 prius
721 765 855 830 parentes
878 761 972 815 libert's
992 762 1052 814 suis
1072 763 1214 831 ingerunt.

219 847 322 902 Minue.
342 849 440 907 Octau.
462 862 500 914 17.
519 861 534 900 2
553 851 722 918 ingerentem
742 865 797 900 sese
816 849 903 901 aculis
922 853 949 901 et
965 847 1087 901 sensibus
1111 850 1216 900 uostris

216 936 356 988 caelestem
368 937 533 990 claritatem.

251 1026 281 1076 in
298 1023 431 1092 partibus
452 1039 597 1092 perperam
617 1023 682 1086 ΑΡ,
703 1039 766 1076 cum
788 1021 842 1074 alio
867 1020 1021 1090 significatu
1046 1019 1073 1073 id
1099 1020 1214 1074 dicatur.

218 1112 283 1164 Luc.
301 1128 326 1163 v.
345 1124 376 1174 14
401 1110 543 1179 Magnum
567 1112 597 1162 in
618 1109 750 1178 partibus
773 1127 836 1175 esse,
861 1110 887 1162 h.
896 1127 919 1163 e.
941 1109 1035 1162 fauere
1055 1118 1214 1161 senatorum

218 1213 327 1250 causae.
350 1197 372 1248 F
375 1196 422 1250 lor.
431 1194 465 1250 iii.
476 1209 500 1264 5.
508 1211 541 1263 23
552 1197 620 1250 luna
630 1197 798 1264 impartitus
808 1196 865 1250 h.e.
876 1193 1214 1250 commilitansRomanis.

254 1284 334 1336 1261
356 1282 475 1336 sacrauit
496 1293 639 1351 parentem
661 1300 739 1336 suum
764 1285 868 1336 Caesar
889 1300 945 1335 non
968 1281 1083 1351 imperio
1103 1283 1154 1336 sed
1173 1299 1215 1335 re-

218 1370 318 1438 ligione
332 1387 389 1423 non
402 1369 551 1440 appellauit
563 1388 626 1424 eum
641 1371 690 1424 sed
703 1369 767 1424 lecit
781 1371 873 1424 deum.
887 1370 924 1424 Α.

256 1457 354 1512 Manil.
367 1457 402 1512 iv.
416 1472 519 1525 933-93
524 1470 537 1526 5
557 1458 603 1510 Ne
620 1458 727 1510 dubites
745 1457 854 1511 laomim
870 1458 984 1510 diuinas
1000 1457 1109 1510 credere
1127 1458 1214 1510 uisus.

219 1547 281 1598 Iam
298 1546 375 1616 facit
398 1547 457 1614 ipse
485 1545 555 1610 deas,
581 1546 723 1613 mittitque
747 1546 787 1598 ad
812 1545 905 1598 sidera
930 1561 1041 1610 numen,
1065 1545 1165 1598 Maius
1190 1549 1217 1596 et

218 1635 246 1686 Α
250 1639 350 1702 ugusla
362 1635 459 1686 crescit
469 1633 519 1685 sub
525 1635 655 1702 principe
666 1633 780 1687 caelum.

254 1735 332 1788 1274
352 1719 482 1774 Seianum
495 1720 528 1774 V.
542 1718 580 1773 sic
594 1718 723 1774 describit

255 1808 344 1862 uirum
374 1807 539 1860 saeueritatis
564 1807 730 1860 laetissimae
755 1805 902 1860 hilaritatis
931 1805 1038 1876 priscae
1059 1816 1123 1860 actu
1148 1804 1216 1858 uitio

221 1893 295 1963 (del.)
309 1893 404 1948 otiosis
416 1892 585 1948 similimum.
598 1894 637 1948 A.

254 1986 311 2037 Aut
323 1983 481 2036 serenitatis
492 1991 540 2034 aut
552 1983 718 2049 securitatis,
734 1981 930 2050 ‘composure,'
943 1979 1128 2050 praetulerim.

255 2072 341 2124 1282
368 2071 409 2124 M.
428 2069 565 2121 Catonem
597 2084 701 2121 nouum
732 2067 814 2120 etiam
846 2068 969 2122 Tusculo
1000 2065 1077 2120 urbis
1108 2064 1217 2135 inquili-

219 2175 294 2212 num.
306 2157 371 2211 ΑΡ.

257 2247 326 2299 Puto
346 2242 596 2312 interpungendum
614 2259 676 2296 esse
694 2252 757 2311 post
775 2242 902 2296 Tusculo.
939 2244 1038 2296 Nouus
1056 2242 1140 2294 homo
1158 2250 1218 2294 erat

222 2335 292 2387 Cato
305 2331 390 2386 etiam
404 2330 432 2383 in
445 2329 548 2399 oppido
561 2327 607 2383 ubi
620 2340 702 2383 natus
715 2338 766 2396 est,
781 2331 890 2382 Romae
904 2345 959 2382 non
979 2346 1060 2382 uerus
1080 2327 1155 2394 ciuis,
1168 2327 1218 2381 sed

220 2421 368 2492 inquilinus
381 2419 438 2474 siue
451 2420 575 2487 μέτοικος,
585 2429 613 2472 ut
627 2418 740 2473 Sallusti
748 2417 840 2472 uerbis
849 2428 911 2472 utar
918 2419 952 2472 de
964 2418 1096 2471 Cicerone
1110 2417 1171 2470 Cat.
1185 2429 1216 2482 31

220 2511 263 2564 M.
281 2510 394 2562 Tullius
405 2507 565 2575 inquilinus
576 2507 646 2558 ciuis
659 2506 736 2558 urbis
747 2507 859 2558 Romae.

256 2609 338 2663 1293
359 2597 403 2647 De
423 2593 495 2647 bello
514 2593 630 2661 loquens
650 2592 806 2661 quodcum
825 2589 973 2645 Sacrouiro
992 2589 1077 2658 gessit
1096 2607 1129 2643 ac
1142 2607 1219 2643 com·

221 2683 317 2752 pressit
331 2679 466 2747 Tiberius,
480 2681 549 2732 haec
562 2677 668 2747 scripsit
681 2679 715 2732 V.

258 2781 286 2824 ut
308 2780 373 2823 ante
397 2771 426 2823 P.
449 2771 483 2823 R.
505 2766 604 2821 uicisse
626 2783 710 2835 quam
731 2765 836 2819 bellare
855 2775 1033 2833 cognosceret
1053 2763 1220 2832 nuntiosque

222 2856 334 2928 periculi
347 2854 479 2910 uictoriae
493 2855 671 2923 praecederet
684 2851 796 2906 nuntius
804 2849 821 2908 ¹.

259 2947 338 2998 Haec
352 2961 415 2996 cum
432 2956 488 2996 121.
502 2957 516 3008 3
531 2940 720 3010 comparanda
733 2949 815 2994 sunt:

259 3034 399 3085 Fortunae
414 3047 479 3083 uero
492 3027 553 3098 quis
566 3045 622 3081 non
635 3026 748 3081 miretur
760 3026 962 3095 indulgentiam
976 3025 1027 3095 (sla
1038 3024 1096 3094 Pp
1120 3023 1222 3093 quippe

223 3118 313 3174 omnis
340 3116 573 3172 eminentissimos
596 3113 717 3168 hostium
736 3115 821 3168 duces
841 3133 897 3169 non
912 3113 1019 3168 occisos
1036 3115 1112 3166 fama
1124 3129 1221 3166 narra-

224 3205 261 3260 uit
276 3207 326 3259 sed
339 3204 445 3258 uinctos
458 3202 615 3272 triumphus
628 3201 757 3257 ostendit.

260 3289 435 3361 Comparatis
447 3291 555 3343 duobus
568 3288 611 3343 his
624 3287 691 3342 locis
704 3299 820 3357 apparet
835 3290 1002 3341 Rhenanum
1017 3298 1091 3341 recte
1101 3284 1222 3348 edidisse

222 3380 437 3448 indulgentiam,
456 3377 491 3431 cf.
509 3379 531 3430 F
534 3376 584 3431 lor.
599 3375 629 3429 ii:
639 3391 673 3442 14
692 3376 739 3430 lin.
758 3376 809 3429 ltac
825 3393 934 3444 quoque
949 3376 997 3430 illi
1012 3378 1043 3429 in
1062 3376 1146 3428 malis
1163 3376 1223 3427 suis

223 3467 386 3534 indulgente
396 3465 523 3534 fortuna
542 3470 576 3516 ut
588 3467 620 3531 p.
640 3463 674 3517 R.
697 3464 781 3530 qaeasi
800 3463 834 3514 de
853 3479 919 3514 uera
941 3478 1004 3532 rege
1024 3461 1223 3530 triumpharet,

224 3569 288 3619 non,
302 3551 376 3621 quod
390 3560 432 3603 est
445 3548 473 3601 in
489 3550 528 3616 A,
542 3549 757 3618 indiligentiam,
771 3548 884 3602 tametsi
896 3557 924 3602 et
943 3546 1064 3618 optimae
1080 3545 1223 3602 latinitatis

256 3704 416 3752 ¹Si1nillime
441 3703 507 3752 Flor.
527 3703 553 3753 ii.
578 3717 614 3762 13.
634 3718 649 3750 a
671 3702 716 3750 hoc
732 3702 822 3750 bellum
839 3708 895 3750 ante
904 3703 1012 3764 finitum
1029 3708 1064 3750 est
1080 3718 1158 3764 quam
1172 3701 1228 3764 geri

224 3783 321 3831 Romae
333 3782 492 3830 nuntiaretur.

704 3887 749 3941 191
