<?xml version="1.0" encoding="UTF-8"?>
<!DOCTYPE html PUBLIC "-//W3C//DTD XHTML 1.0 Transitional//EN"
    "http://www.w3.org/TR/xhtml1/DTD/xhtml1-transitional.dtd">
<html xmlns="http://www.w3.org/1999/xhtml" xml:lang="en" lang="en">
 <head>
  <title>
</title>
<meta http-equiv="Content-Type" content="text/html;charset=utf-8" />
  <meta name='ocr-system' content='tesseract 3.04.00' />
  <meta name='ocr-capabilities' content='ocr_page ocr_carea ocr_par ocr_line ocrx_word'/>
</head>
<body>
  <div class='ocr_page' id='page_1' title='image "./velleipaterculi00elligoog_0123.png"; bbox 0 0 2996 4520; ppageno 0'>
   <div class='ocr_carea' id='block_1_1' title="bbox 593 434 1011 495">
    <p class='ocr_par' dir='ltr' id='par_1_1' title="bbox 593 434 1011 495">
     <span class='ocr_line' id='line_1_1' title="bbox 593 434 1011 495; baseline 0.005 -4"><span class='ocrx_word' id='word_1_1' title='bbox 593 434 748 492; x_wconf 86' lang='lat' dir='ltr'>VELLEI</span> <span class='ocrx_word' id='word_1_2' title='bbox 770 434 1011 495; x_wconf 86' lang='lat' dir='ltr'><strong>PATERCVLI</strong></span> 
     </span>
    </p>
   </div>
   <div class='ocr_carea' id='block_1_2' title="bbox 245 599 1387 3025">
    <p class='ocr_par' dir='ltr' id='par_1_2' title="bbox 258 599 1304 679">
     <span class='ocr_line' id='line_1_2' title="bbox 258 599 1304 679; baseline 0.001 -20"><span class='ocrx_word' id='word_1_3' title='bbox 258 631 259 636; x_wconf 42' lang='lat'>1</span> <span class='ocrx_word' id='word_1_4' title='bbox 303 599 444 678; x_wconf 92' lang='lat' dir='ltr'><strong>iussuque</strong></span> <span class='ocrx_word' id='word_1_5' title='bbox 460 603 502 660; x_wconf 92' lang='lat' dir='ltr'><strong>M.</strong></span> <span class='ocrx_word' id='word_1_6' title='bbox 519 600 641 674; x_wconf 87' lang='lat' dir='ltr'><strong>Antoni,</strong></span> <span class='ocrx_word' id='word_1_7' title='bbox 657 601 741 661; x_wconf 91' lang='lat' dir='ltr'><strong>cuius</strong></span> <span class='ocrx_word' id='word_1_8' title='bbox 760 621 849 679; x_wconf 92' lang='lat' dir='ltr'><strong>opem</strong></span> <span class='ocrx_word' id='word_1_9' title='bbox 868 600 999 679; x_wconf 89' lang='lat' dir='ltr'><strong>petierat,</strong></span> <span class='ocrx_word' id='word_1_10' title='bbox 1015 603 1088 662; x_wconf 91' lang='lat' dir='ltr'><strong>dum</strong></span> <span class='ocrx_word' id='word_1_11' title='bbox 1105 600 1180 661; x_wconf 92' lang='lat' dir='ltr'><strong>inter</strong></span> <span class='ocrx_word' id='word_1_12' title='bbox 1194 603 1304 662; x_wconf 88' lang='lat' dir='ltr'><strong>ducem</strong></span> 
     </span>
    </p>

    <p class='ocr_par' dir='ltr' id='par_1_3' title="bbox 245 689 1304 777">
     <span class='ocr_line' id='line_1_3' title="bbox 245 689 1304 777; baseline -0.001 -18"><span class='ocrx_word' id='word_1_13' title='bbox 245 689 246 692; x_wconf 23' lang='lat'>¹</span> <span class='ocrx_word' id='word_1_14' title='bbox 303 712 333 760; x_wconf 92' lang='lat' dir='ltr'><strong>et</strong></span> <span class='ocrx_word' id='word_1_15' title='bbox 354 699 518 777; x_wconf 89' lang='lat' dir='ltr'><strong>supplicem</strong></span> <span class='ocrx_word' id='word_1_16' title='bbox 538 701 732 760; x_wconf 85' lang='lat' dir='ltr'><strong>tumultuatur</strong></span> <span class='ocrx_word' id='word_1_17' title='bbox 752 712 782 760; x_wconf 90' lang='lat' dir='ltr'><strong>et</strong></span> <span class='ocrx_word' id='word_1_18' title='bbox 802 720 883 760; x_wconf 88' lang='lat' dir='ltr'><strong>nunc</strong></span> <span class='ocrx_word' id='word_1_19' title='bbox 902 699 1075 777; x_wconf 87' lang='lat' dir='ltr'><strong>dignitatern</strong></span> <span class='ocrx_word' id='word_1_20' title='bbox 1093 699 1206 773; x_wconf 88' lang='lat' dir='ltr'><strong>retinet,</strong></span> <span class='ocrx_word' id='word_1_21' title='bbox 1222 719 1304 760; x_wconf 91' lang='lat' dir='ltr'><strong>nunc</strong></span> 
     </span>
    </p>

    <p class='ocr_par' dir='ltr' id='par_1_4' title="bbox 276 796 1335 1169">
     <span class='ocr_line' id='line_1_4' title="bbox 276 796 1304 874; baseline -0.002 -16"><span class='ocrx_word' id='word_1_22' title='bbox 276 812 291 858; x_wconf 86' lang='lat'>6</span> <span class='ocrx_word' id='word_1_23' title='bbox 304 796 397 856; x_wconf 89' lang='lat' dir='ltr'><strong>uitam</strong></span> <span class='ocrx_word' id='word_1_24' title='bbox 411 809 553 874; x_wconf 81' lang='lat' dir='ltr'><strong>precatur,</strong></span> <span class='ocrx_word' id='word_1_25' title='bbox 569 817 587 856; x_wconf 89' lang='lat' dir='ltr'><strong>a</strong></span> <span class='ocrx_word' id='word_1_26' title='bbox 601 796 682 857; x_wconf 90' lang='lat' dir='ltr'><strong>Titio</strong></span> <span class='ocrx_word' id='word_1_27' title='bbox 701 797 847 874; x_wconf 88' lang='lat' dir='ltr'><strong>iugulatus</strong></span> <span class='ocrx_word' id='word_1_28' title='bbox 865 809 927 858; x_wconf 90' lang='lat' dir='ltr'><strong>est:</strong></span> <span class='ocrx_word' id='word_1_29' title='bbox 949 797 997 858; x_wconf 88' lang='lat' dir='ltr'><strong>cui</strong></span> <span class='ocrx_word' id='word_1_30' title='bbox 1011 797 1041 856; x_wconf 91' lang='lat' dir='ltr'><strong>in</strong></span> <span class='ocrx_word' id='word_1_31' title='bbox 1056 809 1171 857; x_wconf 88' lang='lat' dir='ltr'><strong>tantum</strong></span> <span class='ocrx_word' id='word_1_32' title='bbox 1186 796 1304 858; x_wconf 89' lang='lat' dir='ltr'><strong>durauit</strong></span> 
     </span>
     <span class='ocr_line' id='line_1_5' title="bbox 304 895 1303 969; baseline 0 -15"><span class='ocrx_word' id='word_1_33' title='bbox 304 898 363 956; x_wconf 92' lang='lat' dir='ltr'><strong>hoc</strong></span> <span class='ocrx_word' id='word_1_34' title='bbox 384 895 515 955; x_wconf 88' lang='lat' dir='ltr'><strong>facinore</strong></span> <span class='ocrx_word' id='word_1_35' title='bbox 535 907 720 956; x_wconf 88' lang='lat' dir='ltr'><strong>contractum</strong></span> <span class='ocrx_word' id='word_1_36' title='bbox 744 895 855 969; x_wconf 92' lang='lat' dir='ltr'><strong>odium,</strong></span> <span class='ocrx_word' id='word_1_37' title='bbox 878 907 911 955; x_wconf 93' lang='lat' dir='ltr'><strong>ut</strong></span> <span class='ocrx_word' id='word_1_38' title='bbox 933 916 1003 956; x_wconf 86' lang='lat' dir='ltr'><strong>mox</strong></span> <span class='ocrx_word' id='word_1_39' title='bbox 1024 897 1111 956; x_wconf 92' lang='lat' dir='ltr'><strong>ludos</strong></span> <span class='ocrx_word' id='word_1_40' title='bbox 1135 895 1165 955; x_wconf 93' lang='lat' dir='ltr'><strong>in</strong></span> <span class='ocrx_word' id='word_1_41' title='bbox 1189 897 1303 955; x_wconf 91' lang='lat' dir='ltr'><strong>theatro</strong></span> 
     </span>
     <span class='ocr_line' id='line_1_6' title="bbox 306 992 1335 1070; baseline 0 -18"><span class='ocrx_word' id='word_1_42' title='bbox 306 992 430 1069; x_wconf 88' lang='lat' dir='ltr'>Pompei</span> <span class='ocrx_word' id='word_1_43' title='bbox 449 992 560 1052; x_wconf 85' lang='lat' dir='ltr'><strong>faciens</strong></span> <span class='ocrx_word' id='word_1_44' title='bbox 585 992 784 1053; x_wconf 85' lang='lat' dir='ltr'><strong>exsecratione</strong></span> <span class='ocrx_word' id='word_1_45' title='bbox 804 992 907 1070; x_wconf 93' lang='lat' dir='ltr'><strong>populi</strong></span> <span class='ocrx_word' id='word_1_46' title='bbox 926 994 1104 1070; x_wconf 89' lang='lat' dir='ltr'><strong>spectaculo,</strong></span> <span class='ocrx_word' id='word_1_47' title='bbox 1121 995 1203 1070; x_wconf 92' lang='lat' dir='ltr'><strong>quod</strong></span> <span class='ocrx_word' id='word_1_48' title='bbox 1224 1012 1303 1070; x_wconf 91' lang='lat' dir='ltr'><strong>prae·</strong></span> <span class='ocrx_word' id='word_1_49' title='bbox 1320 1019 1335 1068; x_wconf 85' lang='lat'>5</span> 
     </span>
     <span class='ocr_line' id='line_1_7' title="bbox 306 1093 582 1169; baseline -0.007 -18"><span class='ocrx_word' id='word_1_50' title='bbox 306 1093 403 1164; x_wconf 88' lang='lat' dir='ltr'><strong>bebat,</strong></span> <span class='ocrx_word' id='word_1_51' title='bbox 419 1093 582 1169; x_wconf 90' lang='lat' dir='ltr'><strong>pelleretur.</strong></span> 
     </span>
    </p>

    <p class='ocr_par' dir='ltr' id='par_1_5' title="bbox 251 1186 1357 1657">
     <span class='ocr_line' id='line_1_8' title="bbox 251 1186 1305 1266; baseline 0 -20"><span class='ocrx_word' id='word_1_52' title='bbox 251 1190 292 1248; x_wconf 90' lang='lat'><strong>80</strong></span> <span class='ocrx_word' id='word_1_53' title='bbox 346 1187 503 1248; x_wconf 88' lang='lat' dir='ltr'><strong>Acciuerat</strong></span> <span class='ocrx_word' id='word_1_54' title='bbox 530 1208 633 1264; x_wconf 84' lang='lat' dir='ltr'><strong>gerens</strong></span> <span class='ocrx_word' id='word_1_55' title='bbox 662 1199 764 1248; x_wconf 89' lang='lat' dir='ltr'><strong>contra</strong></span> <span class='ocrx_word' id='word_1_56' title='bbox 799 1187 975 1266; x_wconf 91' lang='lat' dir='ltr'><strong>Pompeium</strong></span> <span class='ocrx_word' id='word_1_57' title='bbox 1003 1188 1114 1248; x_wconf 90' lang='lat' dir='ltr'><strong>bellum</strong></span> <span class='ocrx_word' id='word_1_58' title='bbox 1143 1208 1178 1248; x_wconf 87' lang='lat' dir='ltr'><strong>ex</strong></span> <span class='ocrx_word' id='word_1_59' title='bbox 1205 1186 1305 1246; x_wconf 87' lang='lat' dir='ltr'><strong>Africa</strong></span> 
     </span>
     <span class='ocr_line' id='line_1_9' title="bbox 307 1284 1304 1364; baseline -0.004 -17"><span class='ocrx_word' id='word_1_60' title='bbox 307 1288 415 1347; x_wconf 89' lang='lat' dir='ltr'><strong>Caesar</strong></span> <span class='ocrx_word' id='word_1_61' title='bbox 431 1286 578 1364; x_wconf 92' lang='lat' dir='ltr'><strong>Lepidum</strong></span> <span class='ocrx_word' id='word_1_62' title='bbox 593 1307 661 1346; x_wconf 86' lang='lat' dir='ltr'><strong>eum</strong></span> <span class='ocrx_word' id='word_1_63' title='bbox 677 1285 837 1347; x_wconf 88' lang='lat' dir='ltr'><strong>duodecim</strong></span> <span class='ocrx_word' id='word_1_64' title='bbox 852 1285 1021 1363; x_wconf 89' lang='lat' dir='ltr'><strong>semiplenis</strong></span> <span class='ocrx_word' id='word_1_65' title='bbox 1038 1284 1212 1362; x_wconf 86' lang='lat' dir='ltr'><strong>legionibus.</strong></span> <span class='ocrx_word' id='word_1_66' title='bbox 1255 1284 1304 1344; x_wconf 92' lang='lat' dir='ltr'><strong>hic</strong></span> 
     </span>
     <span class='ocr_line' id='line_1_10' title="bbox 306 1383 1303 1460; baseline -0.001 -18"><span class='ocrx_word' id='word_1_67' title='bbox 306 1383 351 1442; x_wconf 90' lang='lat' dir='ltr'><strong>uir</strong></span> <span class='ocrx_word' id='word_1_68' title='bbox 378 1383 512 1444; x_wconf 92' lang='lat' dir='ltr'><strong>omnium</strong></span> <span class='ocrx_word' id='word_1_69' title='bbox 541 1383 717 1443; x_wconf 91' lang='lat' dir='ltr'><strong>uanissimus</strong></span> <span class='ocrx_word' id='word_1_70' title='bbox 748 1404 846 1460; x_wconf 91' lang='lat' dir='ltr'><strong>neque</strong></span> <span class='ocrx_word' id='word_1_71' title='bbox 874 1385 933 1443; x_wconf 89' lang='lat' dir='ltr'><strong>ulla</strong></span> <span class='ocrx_word' id='word_1_72' title='bbox 960 1383 1068 1444; x_wconf 89' lang='lat' dir='ltr'><strong>uirtute</strong></span> <span class='ocrx_word' id='word_1_73' title='bbox 1083 1395 1156 1442; x_wconf 73' lang='lat' dir='ltr'><strong>&#39;tam</strong></span> <span class='ocrx_word' id='word_1_74' title='bbox 1184 1384 1303 1459; x_wconf 85' lang='lat' dir='ltr'><strong>longam</strong></span> 
     </span>
     <span class='ocr_line' id='line_1_11' title="bbox 304 1479 1357 1559; baseline -0.003 -18"><span class='ocrx_word' id='word_1_75' title='bbox 304 1484 439 1542; x_wconf 83' lang='lat' dir='ltr'><strong>fortunae</strong></span> <span class='ocrx_word' id='word_1_76' title='bbox 471 1481 685 1559; x_wconf 85' lang='lat' dir='ltr'><strong>indulgentiam</strong></span> <span class='ocrx_word' id='word_1_77' title='bbox 721 1481 840 1543; x_wconf 89' lang='lat' dir='ltr'><strong>meritus</strong></span> <span class='ocrx_word' id='word_1_78' title='bbox 875 1481 1034 1542; x_wconf 86' lang='lat' dir='ltr'><strong>exercitum</strong></span> <span class='ocrx_word' id='word_1_79' title='bbox 1070 1479 1202 1559; x_wconf 85' lang='lat' dir='ltr'><strong>Pompei,</strong></span> <span class='ocrx_word' id='word_1_80' title='bbox 1234 1479 1305 1558; x_wconf 91' lang='lat' dir='ltr'><strong>quia</strong></span> <span class='ocrx_word' id='word_1_81' title='bbox 1321 1504 1357 1538; x_wconf 90' lang='lat'><strong>10</strong></span> 
     </span>
     <span class='ocr_line' id='line_1_12' title="bbox 306 1577 1304 1657; baseline -0.002 -19"><span class='ocrx_word' id='word_1_82' title='bbox 306 1579 425 1657; x_wconf 88' lang='lat' dir='ltr'><strong>propior</strong></span> <span class='ocrx_word' id='word_1_83' title='bbox 439 1581 540 1652; x_wconf 84' lang='lat' dir='ltr'><strong>fuerat,</strong></span> <span class='ocrx_word' id='word_1_84' title='bbox 557 1590 732 1656; x_wconf 85' lang='lat' dir='ltr'><strong>sequentem</strong></span> <span class='ocrx_word' id='word_1_85' title='bbox 751 1599 812 1638; x_wconf 94' lang='lat' dir='ltr'><strong>non</strong></span> <span class='ocrx_word' id='word_1_86' title='bbox 835 1577 935 1655; x_wconf 91' lang='lat' dir='ltr'><strong>ipsius,</strong></span> <span class='ocrx_word' id='word_1_87' title='bbox 951 1581 1004 1640; x_wconf 90' lang='lat' dir='ltr'><strong>sed</strong></span> <span class='ocrx_word' id='word_1_88' title='bbox 1028 1577 1162 1640; x_wconf 83' lang='lat' dir='ltr'><strong>Caesaris</strong></span> <span class='ocrx_word' id='word_1_89' title='bbox 1181 1577 1304 1638; x_wconf 86' lang='lat' dir='ltr'><strong>auetori-</strong></span> 
     </span>
    </p>

    <p class='ocr_par' dir='ltr' id='par_1_6' title="bbox 279 1676 1355 2144">
     <span class='ocr_line' id='line_1_13' title="bbox 279 1676 1304 1754; baseline -0.004 -16"><span class='ocrx_word' id='word_1_90' title='bbox 279 1705 291 1738; x_wconf 87' lang='lat'>2</span> <span class='ocrx_word' id='word_1_91' title='bbox 306 1689 396 1738; x_wconf 90' lang='lat' dir='ltr'><strong>tatem</strong></span> <span class='ocrx_word' id='word_1_92' title='bbox 410 1698 445 1737; x_wconf 91' lang='lat' dir='ltr'><strong>ac</strong></span> <span class='ocrx_word' id='word_1_93' title='bbox 457 1679 556 1750; x_wconf 91' lang='lat' dir='ltr'><strong>fidem,</strong></span> <span class='ocrx_word' id='word_1_94' title='bbox 567 1676 623 1737; x_wconf 93' lang='lat' dir='ltr'><strong>sibi</strong></span> <span class='ocrx_word' id='word_1_95' title='bbox 632 1677 764 1737; x_wconf 82' lang='lat' dir='ltr'><strong>iunxerat</strong></span> <span class='ocrx_word' id='word_1_96' title='bbox 774 1676 952 1754; x_wconf 90' lang='lat' dir='ltr'><strong>inflatusque</strong></span> <span class='ocrx_word' id='word_1_97' title='bbox 962 1677 1089 1754; x_wconf 90' lang='lat' dir='ltr'><strong>amplius</strong></span> <span class='ocrx_word' id='word_1_98' title='bbox 1100 1695 1145 1735; x_wconf 87' lang='lat' dir='ltr'><strong>xx</strong></span> <span class='ocrx_word' id='word_1_99' title='bbox 1154 1676 1304 1753; x_wconf 82' lang='lat' dir='ltr'><strong>legionum</strong></span> 
     </span>
     <span class='ocr_line' id='line_1_14' title="bbox 306 1772 1306 1852; baseline -0.003 -18"><span class='ocrx_word' id='word_1_100' title='bbox 306 1796 430 1836; x_wconf 91' lang='lat' dir='ltr'><strong>numero</strong></span> <span class='ocrx_word' id='word_1_101' title='bbox 445 1775 475 1833; x_wconf 95' lang='lat' dir='ltr'><strong>in</strong></span> <span class='ocrx_word' id='word_1_102' title='bbox 490 1775 520 1835; x_wconf 95' lang='lat' dir='ltr'><strong>id</strong></span> <span class='ocrx_word' id='word_1_103' title='bbox 535 1775 639 1834; x_wconf 87' lang='lat' dir='ltr'><strong>furoris</strong></span> <span class='ocrx_word' id='word_1_104' title='bbox 654 1786 843 1852; x_wconf 88' lang='lat' dir='ltr'><strong>processerat,</strong></span> <span class='ocrx_word' id='word_1_105' title='bbox 856 1786 888 1834; x_wconf 93' lang='lat' dir='ltr'><strong>ut</strong></span> <span class='ocrx_word' id='word_1_106' title='bbox 902 1774 1013 1835; x_wconf 92' lang='lat' dir='ltr'><strong>inutilis</strong></span> <span class='ocrx_word' id='word_1_107' title='bbox 1027 1774 1058 1834; x_wconf 90' lang='lat' dir='ltr'><strong>in</strong></span> <span class='ocrx_word' id='word_1_108' title='bbox 1072 1773 1169 1834; x_wconf 89' lang='lat' dir='ltr'><strong>aliena</strong></span> <span class='ocrx_word' id='word_1_109' title='bbox 1182 1772 1306 1834; x_wconf 88' lang='lat' dir='ltr'><strong>uictoria</strong></span> 
     </span>
     <span class='ocr_line' id='line_1_15' title="bbox 306 1869 1305 1949; baseline -0.004 -17"><span class='ocrx_word' id='word_1_110' title='bbox 306 1893 415 1945; x_wconf 92' lang='lat' dir='ltr'><strong>comes,</strong></span> <span class='ocrx_word' id='word_1_111' title='bbox 445 1893 535 1949; x_wconf 89' lang='lat' dir='ltr'><strong>quam</strong></span> <span class='ocrx_word' id='word_1_112' title='bbox 564 1872 615 1932; x_wconf 94' lang='lat' dir='ltr'><strong>diu</strong></span> <span class='ocrx_word' id='word_1_113' title='bbox 646 1883 776 1932; x_wconf 88' lang='lat' dir='ltr'><strong>moratus</strong></span> <span class='ocrx_word' id='word_1_114' title='bbox 809 1881 878 1945; x_wconf 89' lang='lat' dir='ltr'><strong>erat,</strong></span> <span class='ocrx_word' id='word_1_115' title='bbox 908 1871 1081 1932; x_wconf 92' lang='lat' dir='ltr'><strong>dissidendo</strong></span> <span class='ocrx_word' id='word_1_116' title='bbox 1109 1871 1140 1931; x_wconf 92' lang='lat' dir='ltr'><strong>in</strong></span> <span class='ocrx_word' id='word_1_117' title='bbox 1175 1869 1305 1931; x_wconf 91' lang='lat' dir='ltr'><strong>consiliis</strong></span> 
     </span>
     <span class='ocr_line' id='line_1_16' title="bbox 307 1967 1355 2047; baseline -0.006 -17"><span class='ocrx_word' id='word_1_118' title='bbox 307 1969 426 2031; x_wconf 86' lang='lat' dir='ltr'><strong>Caesari</strong></span> <span class='ocrx_word' id='word_1_119' title='bbox 440 1981 470 2029; x_wconf 94' lang='lat' dir='ltr'><strong>et</strong></span> <span class='ocrx_word' id='word_1_120' title='bbox 484 1990 600 2047; x_wconf 89' lang='lat' dir='ltr'><strong>semper</strong></span> <span class='ocrx_word' id='word_1_121' title='bbox 613 1969 731 2030; x_wconf 88' lang='lat' dir='ltr'><strong>diuersa</strong></span> <span class='ocrx_word' id='word_1_122' title='bbox 744 1969 798 2042; x_wconf 90' lang='lat' dir='ltr'><strong>his,</strong></span> <span class='ocrx_word' id='word_1_123' title='bbox 815 1989 891 2046; x_wconf 89' lang='lat' dir='ltr'><strong>quae</strong></span> <span class='ocrx_word' id='word_1_124' title='bbox 905 1967 969 2028; x_wconf 88' lang='lat' dir='ltr'><strong>aliis</strong></span> <span class='ocrx_word' id='word_1_125' title='bbox 983 1969 1149 2046; x_wconf 86' lang='lat' dir='ltr'><strong>placebant,</strong></span> <span class='ocrx_word' id='word_1_126' title='bbox 1165 1967 1304 2040; x_wconf 86' lang='lat' dir='ltr'><strong>dicend0,</strong></span> <span class='ocrx_word' id='word_1_127' title='bbox 1323 1991 1355 2042; x_wconf 88' lang='lat'><strong>15</strong></span> 
     </span>
     <span class='ocr_line' id='line_1_17' title="bbox 307 2065 1307 2144; baseline -0.003 -19"><span class='ocrx_word' id='word_1_128' title='bbox 307 2078 400 2126; x_wconf 86' lang='lat' dir='ltr'><strong>totam</strong></span> <span class='ocrx_word' id='word_1_129' title='bbox 416 2065 570 2126; x_wconf 91' lang='lat' dir='ltr'><strong>uictoriam</strong></span> <span class='ocrx_word' id='word_1_130' title='bbox 585 2078 617 2126; x_wconf 92' lang='lat' dir='ltr'><strong>ut</strong></span> <span class='ocrx_word' id='word_1_131' title='bbox 631 2086 715 2126; x_wconf 90' lang='lat' dir='ltr'><strong>suam</strong></span> <span class='ocrx_word' id='word_1_132' title='bbox 730 2066 974 2144; x_wconf 89' lang='lat' dir='ltr'><strong>interpretaretur,</strong></span> <span class='ocrx_word' id='word_1_133' title='bbox 990 2067 1179 2142; x_wconf 88' lang='lat' dir='ltr'><strong>audebatque</strong></span> <span class='ocrx_word' id='word_1_134' title='bbox 1193 2068 1307 2126; x_wconf 91' lang='lat' dir='ltr'><strong>denun-</strong></span> 
     </span>
    </p>

    <p class='ocr_par' dir='ltr' id='par_1_7' title="bbox 281 2157 1387 2732">
     <span class='ocr_line' id='line_1_18' title="bbox 281 2157 1387 2240; baseline -0.005 -16"><span class='ocrx_word' id='word_1_135' title='bbox 281 2165 379 2238; x_wconf 84' lang='lat' dir='ltr'><strong>3tiare</strong></span> <span class='ocrx_word' id='word_1_136' title='bbox 394 2164 521 2238; x_wconf 89' lang='lat' dir='ltr'><strong>Caesari,</strong></span> <span class='ocrx_word' id='word_1_137' title='bbox 538 2166 691 2224; x_wconf 89' lang='lat' dir='ltr'><strong>excederet</strong></span> <span class='ocrx_word' id='word_1_138' title='bbox 706 2162 811 2223; x_wconf 84' lang='lat' dir='ltr'><strong>Sicilia</strong></span> <span class='ocrx_word' id='word_1_139' title='bbox 855 2184 917 2223; x_wconf 90' lang='lat' dir='ltr'><strong>non</strong></span> <span class='ocrx_word' id='word_1_140' title='bbox 930 2164 970 2238; x_wconf 83' lang='lat' dir='ltr'><strong>ab</strong></span> <span class='ocrx_word' id='word_1_141' title='bbox 981 2161 1169 2240; x_wconf 86' lang='lat' dir='ltr'><strong>Scipionibus</strong></span> <span class='ocrx_word' id='word_1_142' title='bbox 1183 2161 1307 2238; x_wconf 91' lang='lat' dir='ltr'><strong>aliisque</strong></span> <span class='ocrx_word' id='word_1_143' title='bbox 1383 2157 1387 2162; x_wconf 76' lang='grc'>’</span> 
     </span>
     <span class='ocr_line' id='line_1_19' title="bbox 308 2261 1307 2339; baseline -0.006 -15"><span class='ocrx_word' id='word_1_144' title='bbox 308 2263 457 2324; x_wconf 92' lang='lat' dir='ltr'><strong>ueteribus</strong></span> <span class='ocrx_word' id='word_1_145' title='bbox 470 2266 674 2323; x_wconf 89' lang='lat' dir='ltr'><strong>Romanorum</strong></span> <span class='ocrx_word' id='word_1_146' title='bbox 687 2264 798 2322; x_wconf 86' lang='lat' dir='ltr'><strong>dueum</strong></span> <span class='ocrx_word' id='word_1_147' title='bbox 809 2261 973 2339; x_wconf 86' lang='lat' dir='ltr'><strong>quidquam</strong></span> <span class='ocrx_word' id='word_1_148' title='bbox 984 2281 1089 2322; x_wconf 90' lang='lat' dir='ltr'><strong>ausum</strong></span> <span class='ocrx_word' id='word_1_149' title='bbox 1100 2272 1307 2338; x_wconf 85' lang='lat' dir='ltr'><strong>patratumque</strong></span> 
     </span>
     <span class='ocr_line' id='line_1_20' title="bbox 308 2358 1307 2437; baseline -0.006 -17"><span class='ocrx_word' id='word_1_150' title='bbox 308 2360 412 2421; x_wconf 85' lang='lat' dir='ltr'><strong>fortius</strong></span> <span class='ocrx_word' id='word_1_151' title='bbox 427 2380 516 2437; x_wconf 91' lang='lat' dir='ltr'><strong>quam</strong></span> <span class='ocrx_word' id='word_1_152' title='bbox 532 2371 603 2418; x_wconf 92' lang='lat' dir='ltr'><strong>tunc</strong></span> <span class='ocrx_word' id='word_1_153' title='bbox 617 2379 635 2418; x_wconf 89' lang='lat' dir='ltr'><strong>a</strong></span> <span class='ocrx_word' id='word_1_154' title='bbox 654 2360 788 2420; x_wconf 88' lang='lat' dir='ltr'><strong>Caesare.</strong></span> <span class='ocrx_word' id='word_1_155' title='bbox 833 2358 943 2436; x_wconf 95' lang='lat' dir='ltr'><strong>quippe</strong></span> <span class='ocrx_word' id='word_1_156' title='bbox 959 2380 1027 2418; x_wconf 90' lang='lat' dir='ltr'><strong>curn</strong></span> <span class='ocrx_word' id='word_1_157' title='bbox 1042 2358 1161 2418; x_wconf 92' lang='lat' dir='ltr'><strong>inermis</strong></span> <span class='ocrx_word' id='word_1_158' title='bbox 1176 2369 1206 2418; x_wconf 91' lang='lat' dir='ltr'><strong>et</strong></span> <span class='ocrx_word' id='word_1_159' title='bbox 1219 2359 1307 2416; x_wconf 90' lang='lat' dir='ltr'><strong>lacer·</strong></span> 
     </span>
     <span class='ocr_line' id='line_1_21' title="bbox 309 2457 1354 2535; baseline -0.005 -16"><span class='ocrx_word' id='word_1_160' title='bbox 309 2471 395 2519; x_wconf 89' lang='lat' dir='ltr'><strong>natus</strong></span> <span class='ocrx_word' id='word_1_161' title='bbox 424 2470 509 2532; x_wconf 90' lang='lat' dir='ltr'><strong>esset,</strong></span> <span class='ocrx_word' id='word_1_162' title='bbox 533 2469 647 2535; x_wconf 88' lang='lat' dir='ltr'><strong>praeter</strong></span> <span class='ocrx_word' id='word_1_163' title='bbox 669 2478 780 2518; x_wconf 91' lang='lat' dir='ltr'><strong>nornen</strong></span> <span class='ocrx_word' id='word_1_164' title='bbox 804 2457 878 2517; x_wconf 92' lang='lat' dir='ltr'><strong>nihil</strong></span> <span class='ocrx_word' id='word_1_165' title='bbox 901 2460 1028 2531; x_wconf 87' lang='lat' dir='ltr'><strong>trahens,</strong></span> <span class='ocrx_word' id='word_1_166' title='bbox 1044 2457 1191 2534; x_wconf 87' lang='lat' dir='ltr'><strong>ingressus</strong></span> <span class='ocrx_word' id='word_1_167' title='bbox 1214 2466 1308 2516; x_wconf 90' lang='lat' dir='ltr'><strong>castra</strong></span> <span class='ocrx_word' id='word_1_168' title='bbox 1323 2481 1354 2514; x_wconf 74' lang='grc' dir='ltr'><strong>ιο</strong></span> 
     </span>
     <span class='ocr_line' id='line_1_22' title="bbox 310 2551 1306 2635; baseline -0.005 -18"><span class='ocrx_word' id='word_1_169' title='bbox 310 2556 424 2633; x_wconf 91' lang='lat' dir='ltr'><strong>Lepidi,</strong></span> <span class='ocrx_word' id='word_1_170' title='bbox 440 2555 565 2629; x_wconf 77' lang='lat' dir='ltr'><strong>euitatiS,</strong></span> <span class='ocrx_word' id='word_1_171' title='bbox 581 2576 657 2633; x_wconf 86' lang='lat' dir='ltr'><strong>quae</strong></span> <span class='ocrx_word' id='word_1_172' title='bbox 671 2555 752 2615; x_wconf 91' lang='lat' dir='ltr'><strong>iussu</strong></span> <span class='ocrx_word' id='word_1_173' title='bbox 767 2555 896 2616; x_wconf 91' lang='lat' dir='ltr'><strong>hominis</strong></span> <span class='ocrx_word' id='word_1_174' title='bbox 913 2554 1079 2632; x_wconf 91' lang='lat' dir='ltr'><strong>prauissimi</strong></span> <span class='ocrx_word' id='word_1_175' title='bbox 1099 2551 1181 2635; x_wconf 89' lang='lat' dir='ltr'><strong>[tela]</strong></span> <span class='ocrx_word' id='word_1_176' title='bbox 1196 2553 1227 2612; x_wconf 95' lang='lat' dir='ltr'><strong>in</strong></span> <span class='ocrx_word' id='word_1_177' title='bbox 1239 2573 1306 2613; x_wconf 93' lang='lat' dir='ltr'><strong>eum</strong></span> 
     </span>
     <span class='ocr_line' id='line_1_23' title="bbox 309 2651 1306 2732; baseline -0.005 -17"><span class='ocrx_word' id='word_1_178' title='bbox 309 2666 375 2715; x_wconf 89' lang='lat' dir='ltr'><strong>acta</strong></span> <span class='ocrx_word' id='word_1_179' title='bbox 389 2667 480 2728; x_wconf 88' lang='lat' dir='ltr'><strong>erant,</strong></span> <span class='ocrx_word' id='word_1_180' title='bbox 496 2675 564 2714; x_wconf 86' lang='lat' dir='ltr'><strong>eum</strong></span> <span class='ocrx_word' id='word_1_181' title='bbox 584 2656 702 2714; x_wconf 89' lang='lat' dir='ltr'><strong>lacerna</strong></span> <span class='ocrx_word' id='word_1_182' title='bbox 715 2654 778 2714; x_wconf 92' lang='lat' dir='ltr'><strong>eius</strong></span> <span class='ocrx_word' id='word_1_183' title='bbox 795 2656 941 2732; x_wconf 88' lang='lat' dir='ltr'><strong>perforata</strong></span> <span class='ocrx_word' id='word_1_184' title='bbox 960 2665 1037 2714; x_wconf 92' lang='lat' dir='ltr'><strong>esset</strong></span> <span class='ocrx_word' id='word_1_185' title='bbox 1051 2655 1162 2726; x_wconf 88' lang='lat' dir='ltr'><strong>lancea,</strong></span> <span class='ocrx_word' id='word_1_186' title='bbox 1178 2651 1306 2730; x_wconf 88' lang='lat' dir='ltr'><strong>aquilam</strong></span> 
     </span>
    </p>

    <p class='ocr_par' dir='ltr' id='par_1_8' title="bbox 280 2749 1353 3025">
     <span class='ocr_line' id='line_1_24' title="bbox 280 2749 1309 2831; baseline -0.005 -18"><span class='ocrx_word' id='word_1_187' title='bbox 280 2753 433 2831; x_wconf 83' lang='lat' dir='ltr'><strong>4legionis</strong></span> <span class='ocrx_word' id='word_1_188' title='bbox 461 2773 563 2830; x_wconf 88' lang='lat' dir='ltr'><strong>rapere</strong></span> <span class='ocrx_word' id='word_1_189' title='bbox 596 2773 685 2813; x_wconf 89' lang='lat' dir='ltr'><strong>ausus</strong></span> <span class='ocrx_word' id='word_1_190' title='bbox 719 2765 772 2813; x_wconf 80' lang='lat' dir='ltr'><strong>est.</strong></span> <span class='ocrx_word' id='word_1_191' title='bbox 823 2752 921 2825; x_wconf 91' lang='lat' dir='ltr'><strong>scires,</strong></span> <span class='ocrx_word' id='word_1_192' title='bbox 950 2751 1023 2828; x_wconf 89' lang='lat' dir='ltr'><strong>quid</strong></span> <span class='ocrx_word' id='word_1_193' title='bbox 1054 2750 1207 2811; x_wconf 88' lang='lat' dir='ltr'><strong>interesset</strong></span> <span class='ocrx_word' id='word_1_194' title='bbox 1234 2749 1309 2810; x_wconf 92' lang='lat' dir='ltr'><strong>inter</strong></span> 
     </span>
     <span class='ocr_line' id='line_1_25' title="bbox 310 2849 1307 2926; baseline -0.003 -15"><span class='ocrx_word' id='word_1_195' title='bbox 310 2853 419 2912; x_wconf 88' lang='lat' dir='ltr'><strong>duces:</strong></span> <span class='ocrx_word' id='word_1_196' title='bbox 440 2850 545 2909; x_wconf 87' lang='lat' dir='ltr'><strong>armati</strong></span> <span class='ocrx_word' id='word_1_197' title='bbox 559 2849 703 2910; x_wconf 90' lang='lat' dir='ltr'><strong>inermem</strong></span> <span class='ocrx_word' id='word_1_198' title='bbox 718 2849 811 2910; x_wconf 90' lang='lat' dir='ltr'><strong>secuti</strong></span> <span class='ocrx_word' id='word_1_199' title='bbox 830 2861 899 2909; x_wconf 91' lang='lat' dir='ltr'><strong>sunt</strong></span> <span class='ocrx_word' id='word_1_200' title='bbox 918 2849 1096 2926; x_wconf 90' lang='lat' dir='ltr'><strong>decimoque</strong></span> <span class='ocrx_word' id='word_1_201' title='bbox 1115 2870 1195 2910; x_wconf 89' lang='lat' dir='ltr'><strong>anno</strong></span> <span class='ocrx_word' id='word_1_202' title='bbox 1218 2868 1307 2926; x_wconf 89' lang='lat' dir='ltr'><strong>quam</strong></span> 
     </span>
     <span class='ocr_line' id='line_1_26' title="bbox 310 2945 1353 3025; baseline -0.005 -17"><span class='ocrx_word' id='word_1_203' title='bbox 310 2950 348 3009; x_wconf 89' lang='lat' dir='ltr'><strong>ad</strong></span> <span class='ocrx_word' id='word_1_204' title='bbox 369 2947 604 3024; x_wconf 87' lang='lat' dir='ltr'><strong>indignissimam</strong></span> <span class='ocrx_word' id='word_1_205' title='bbox 629 2947 691 3007; x_wconf 88' lang='lat' dir='ltr'><strong>uita</strong></span> <span class='ocrx_word' id='word_1_206' title='bbox 712 2968 766 3007; x_wconf 91' lang='lat' dir='ltr'><strong>sua</strong></span> <span class='ocrx_word' id='word_1_207' title='bbox 787 2945 951 3025; x_wconf 89' lang='lat' dir='ltr'><strong>potentiam</strong></span> <span class='ocrx_word' id='word_1_208' title='bbox 972 2959 1153 3024; x_wconf 89' lang='lat' dir='ltr'><strong>peruenerat,</strong></span> <span class='ocrx_word' id='word_1_209' title='bbox 1178 2947 1308 3024; x_wconf 88' lang='lat' dir='ltr'><strong>Lepidus</strong></span> <span class='ocrx_word' id='word_1_210' title='bbox 1324 2970 1353 3019; x_wconf 85' lang='lat'><strong>25</strong></span> 
     </span>
    </p>
   </div>
   <div class='ocr_carea' id='block_1_3' title="bbox 345 3102 1309 3166">
    <p class='ocr_par' dir='ltr' id='par_1_9' title="bbox 345 3102 1309 3166">
     <span class='ocr_line' id='line_1_27' title="bbox 345 3102 1309 3166; baseline 0.001 -15"><span class='ocrx_word' id='word_1_211' title='bbox 345 3103 546 3152; x_wconf 84' lang='lat' dir='ltr'><strong>rAntoniiAP</strong></span> <span class='ocrx_word' id='word_1_212' title='bbox 642 3103 827 3163; x_wconf 84' lang='lat' dir='ltr'><strong>5execr.AP</strong></span> <span class='ocrx_word' id='word_1_213' title='bbox 889 3104 957 3164; x_wconf 93' lang='lat' dir='ltr'><strong>quod</strong></span> <span class='ocrx_word' id='word_1_214' title='bbox 970 3102 1057 3152; x_wconf 89' lang='lat' dir='ltr'><strong>om.A</strong></span> <span class='ocrx_word' id='word_1_215' title='bbox 1144 3105 1309 3166; x_wconf 82' lang='lat' dir='ltr'><strong>8Lrepidum</strong></span> 
     </span>
    </p>
   </div>
   <div class='ocr_carea' id='block_1_4' title="bbox 311 3178 1315 3907">
    <p class='ocr_par' dir='ltr' id='par_1_10' title="bbox 311 3178 1315 3907">
     <span class='ocr_line' id='line_1_28' title="bbox 311 3178 1310 3246; baseline 0.001 -11"><span class='ocrx_word' id='word_1_216' title='bbox 311 3203 367 3235; x_wconf 90' lang='lat' dir='ltr'><strong>cum</strong></span> <span class='ocrx_word' id='word_1_217' title='bbox 383 3178 421 3234; x_wconf 64' lang='lat' dir='ltr'><strong>iffi</strong></span> <span class='ocrx_word' id='word_1_218' title='bbox 432 3186 457 3233; x_wconf 99' lang='lat' dir='ltr'><em>A</em></span> <span class='ocrx_word' id='word_1_219' title='bbox 545 3201 574 3246; x_wconf 82' lang='lat'><strong>13</strong></span> <span class='ocrx_word' id='word_1_220' title='bbox 592 3187 618 3233; x_wconf 94' lang='lat' dir='ltr'><strong>in</strong></span> <span class='ocrx_word' id='word_1_221' title='bbox 629 3187 712 3234; x_wconf 86' lang='lat' dir='ltr'><strong>aliena</strong></span> <span class='ocrx_word' id='word_1_222' title='bbox 724 3187 832 3234; x_wconf 88' lang='lat' dir='ltr'><strong>uictoria</strong></span> <span class='ocrx_word' id='word_1_223' title='bbox 843 3185 938 3235; x_wconf 87' lang='lat' dir='ltr'><strong>Burer:</strong></span> <span class='ocrx_word' id='word_1_224' title='bbox 956 3187 983 3233; x_wconf 94' lang='lat' dir='ltr'><strong>in</strong></span> <span class='ocrx_word' id='word_1_225' title='bbox 994 3186 1093 3234; x_wconf 86' lang='lat' dir='ltr'><strong>alienae</strong></span> <span class='ocrx_word' id='word_1_226' title='bbox 1105 3187 1229 3236; x_wconf 88' lang='lat' dir='ltr'><strong>uictoriae</strong></span> <span class='ocrx_word' id='word_1_227' title='bbox 1240 3187 1310 3236; x_wconf 86' lang='lat' dir='ltr'><strong>AB:</strong></span> 
     </span>
     <span class='ocr_line' id='line_1_29' title="bbox 311 3251 1309 3314; baseline 0.001 -14"><span class='ocrx_word' id='word_1_228' title='bbox 311 3254 411 3301; x_wconf 82' lang='lat' dir='ltr'><strong>alienae</strong></span> <span class='ocrx_word' id='word_1_229' title='bbox 421 3252 542 3300; x_wconf 85' lang='lat' dir='ltr'><strong>uictoriae</strong></span> <span class='ocrx_word' id='word_1_230' title='bbox 553 3251 580 3298; x_wconf 89' lang='lat' dir='ltr'><strong><em>P</em></strong></span> <span class='ocrx_word' id='word_1_231' title='bbox 645 3267 673 3314; x_wconf 85' lang='lat' dir='ltr'><strong>r4</strong></span> <span class='ocrx_word' id='word_1_232' title='bbox 691 3252 810 3313; x_wconf 88' lang='lat' dir='ltr'><strong>quamdiu</strong></span> <span class='ocrx_word' id='word_1_233' title='bbox 822 3251 848 3298; x_wconf 87' lang='lat' dir='ltr'><em>A</em></span> <span class='ocrx_word' id='word_1_234' title='bbox 922 3267 932 3298; x_wconf 87' lang='lat' dir='ltr'><strong>r</strong></span> <span class='ocrx_word' id='word_1_235' title='bbox 936 3267 950 3312; x_wconf 90' lang='lat'>5</span> <span class='ocrx_word' id='word_1_236' title='bbox 969 3251 1074 3300; x_wconf 83' lang='lat' dir='ltr'><strong>Caesari</strong></span> <span class='ocrx_word' id='word_1_237' title='bbox 1085 3251 1231 3300; x_wconf 81' lang='lat' dir='ltr'><strong>Ao&#39;dale&#39;us:</strong></span> <span class='ocrx_word' id='word_1_238' title='bbox 1248 3253 1309 3302; x_wconf 75' lang='lat' dir='ltr'><strong>diss</strong></span> 
     </span>
     <span class='ocr_line' id='line_1_30' title="bbox 311 3316 1311 3380; baseline -0.001 -14"><span class='ocrx_word' id='word_1_239' title='bbox 311 3334 381 3367; x_wconf 91' lang='lat' dir='ltr'><strong>cons.</strong></span> <span class='ocrx_word' id='word_1_240' title='bbox 400 3318 518 3366; x_wconf 88' lang='lat' dir='ltr'><strong>Caesaris</strong></span> <span class='ocrx_word' id='word_1_241' title='bbox 535 3317 633 3365; x_wconf 85' lang='lat' dir='ltr'><strong>Halm:</strong></span> <span class='ocrx_word' id='word_1_242' title='bbox 657 3317 775 3365; x_wconf 87' lang='lat' dir='ltr'><strong>Caesaris</strong></span> <span class='ocrx_word' id='word_1_243' title='bbox 791 3317 850 3379; x_wconf 79' lang='grc' dir='ltr'><strong>ΑΡ,</strong></span> <span class='ocrx_word' id='word_1_244' title='bbox 870 3316 974 3377; x_wconf 83' lang='lat' dir='ltr'><strong>quodsi</strong></span> <span class='ocrx_word' id='word_1_245' title='bbox 988 3318 1131 3378; x_wconf 80' lang='lat' dir='ltr'><strong>retinebitur,</strong></span> <span class='ocrx_word' id='word_1_246' title='bbox 1152 3319 1202 3376; x_wconf 84' lang='lat' dir='ltr'><strong>en&#39;t,</strong></span> <span class='ocrx_word' id='word_1_247' title='bbox 1222 3318 1311 3380; x_wconf 78' lang='lat' dir='ltr'><strong>quoties</strong></span> 
     </span>
     <span class='ocr_line' id='line_1_31' title="bbox 314 3382 1313 3443; baseline -0.003 -11"><span class='ocrx_word' id='word_1_248' title='bbox 314 3384 406 3432; x_wconf 87' lang='lat' dir='ltr'><strong>Caesar</strong></span> <span class='ocrx_word' id='word_1_249' title='bbox 419 3383 560 3430; x_wconf 78' lang='lat' dir='ltr'><strong>deliberabat</strong></span> <span class='ocrx_word' id='word_1_250' title='bbox 574 3398 630 3430; x_wconf 88' lang='lat' dir='ltr'><strong>cum</strong></span> <span class='ocrx_word' id='word_1_251' title='bbox 642 3383 738 3430; x_wconf 81' lang='lat' dir='ltr'><strong>consilio</strong></span> <span class='ocrx_word' id='word_1_252' title='bbox 754 3399 800 3430; x_wconf 90' lang='lat' dir='ltr'><strong>suo</strong></span> <span class='ocrx_word' id='word_1_253' title='bbox 865 3382 904 3430; x_wconf 93' lang='lat' dir='ltr'><strong>his</strong></span> <span class='ocrx_word' id='word_1_254' title='bbox 918 3398 976 3443; x_wconf 89' lang='lat' dir='ltr'><strong>quae</strong></span> <span class='ocrx_word' id='word_1_255' title='bbox 987 3382 1024 3432; x_wconf 90' lang='lat' dir='ltr'><strong>P:</strong></span> <span class='ocrx_word' id='word_1_256' title='bbox 1043 3383 1083 3430; x_wconf 93' lang='lat' dir='ltr'><strong>his</strong></span> <span class='ocrx_word' id='word_1_257' title='bbox 1094 3397 1119 3443; x_wconf 87' lang='lat' dir='ltr'><strong>q.</strong></span> <span class='ocrx_word' id='word_1_258' title='bbox 1130 3383 1156 3429; x_wconf 93' lang='lat' dir='ltr'><em>A</em></span> <span class='ocrx_word' id='word_1_259' title='bbox 1168 3400 1173 3431; x_wconf 93' lang='lat'>:</span> <span class='ocrx_word' id='word_1_260' title='bbox 1192 3383 1223 3430; x_wconf 92' lang='lat' dir='ltr'><strong>iis</strong></span> <span class='ocrx_word' id='word_1_261' title='bbox 1238 3383 1313 3431; x_wconf 82' lang='lat' dir='ltr'><strong>Orelli</strong></span> 
     </span>
     <span class='ocr_line' id='line_1_32' title="bbox 315 3447 1311 3509; baseline 0 -13"><span class='ocrx_word' id='word_1_262' title='bbox 315 3451 345 3496; x_wconf 90' lang='lat'><strong>16</strong></span> <span class='ocrx_word' id='word_1_263' title='bbox 362 3456 443 3496; x_wconf 89' lang='lat' dir='ltr'><strong>totam</strong></span> <span class='ocrx_word' id='word_1_264' title='bbox 454 3448 504 3495; x_wconf 91' lang='lat' dir='ltr'><strong>BA</strong></span> <span class='ocrx_word' id='word_1_265' title='bbox 517 3466 524 3497; x_wconf 69' lang='grc' dir='ltr'><strong><em>ε</em></strong></span> <span class='ocrx_word' id='word_1_266' title='bbox 544 3454 623 3496; x_wconf 83' lang='lat' dir='ltr'><strong>tutam</strong></span> <span class='ocrx_word' id='word_1_267' title='bbox 635 3447 661 3495; x_wconf 90' lang='lat' dir='ltr'><em>P</em></span> <span class='ocrx_word' id='word_1_268' title='bbox 724 3448 937 3509; x_wconf 84' lang='lat' dir='ltr'><strong>interpretaretur</strong></span> <span class='ocrx_word' id='word_1_269' title='bbox 952 3449 1112 3509; x_wconf 88' lang='lat' dir='ltr'><strong>audebatque</strong></span> <span class='ocrx_word' id='word_1_270' title='bbox 1128 3447 1256 3498; x_wconf 82' lang='lat' dir='ltr'><strong>Gelenius:</strong></span> <span class='ocrx_word' id='word_1_271' title='bbox 1273 3449 1311 3496; x_wconf 89' lang='lat' dir='ltr'><strong>in-</strong></span> 
     </span>
     <span class='ocr_line' id='line_1_33' title="bbox 312 3512 1311 3575; baseline 0.001 -13"><span class='ocrx_word' id='word_1_272' title='bbox 312 3516 501 3575; x_wconf 87' lang='lat' dir='ltr'><strong>terpretabatur</strong></span> <span class='ocrx_word' id='word_1_273' title='bbox 516 3515 677 3574; x_wconf 87' lang='lat' dir='ltr'><strong>audebatque</strong></span> <span class='ocrx_word' id='word_1_274' title='bbox 688 3513 754 3562; x_wconf 89' lang='lat' dir='ltr'><strong>AP:</strong></span> <span class='ocrx_word' id='word_1_275' title='bbox 776 3512 990 3574; x_wconf 85' lang='lat' dir='ltr'><strong>interpretaretur</strong></span> <span class='ocrx_word' id='word_1_276' title='bbox 1006 3516 1162 3575; x_wconf 76' lang='lat' dir='ltr'><strong>adderetque</strong></span> <span class='ocrx_word' id='word_1_277' title='bbox 1178 3514 1311 3563; x_wconf 79' lang='lat' dir='ltr'><strong>Ruhnken.</strong></span> 
     </span>
     <span class='ocr_line' id='line_1_34' title="bbox 311 3578 1313 3641; baseline -0.003 -13"><span class='ocrx_word' id='word_1_278' title='bbox 311 3580 359 3628; x_wconf 91' lang='lat' dir='ltr'><strong>An</strong></span> <span class='ocrx_word' id='word_1_279' title='bbox 371 3580 526 3641; x_wconf 78' lang='lat' dir='ltr'><strong>parenthesin</strong></span> <span class='ocrx_word' id='word_1_280' title='bbox 536 3580 638 3640; x_wconf 73' lang='lat' dir='ltr'><strong>faciunt</strong></span> <span class='ocrx_word' id='word_1_281' title='bbox 653 3579 697 3626; x_wconf 79' lang='lat' dir='ltr'><strong>illa</strong></span> <span class='ocrx_word' id='word_1_282' title='bbox 714 3579 740 3626; x_wconf 93' lang='lat' dir='ltr'><strong>in</strong></span> <span class='ocrx_word' id='word_1_283' title='bbox 758 3579 783 3626; x_wconf 92' lang='lat' dir='ltr'><strong>id</strong></span> <span class='ocrx_word' id='word_1_284' title='bbox 796 3578 889 3626; x_wconf 83' lang='lat' dir='ltr'><strong>luroris</strong></span> <span class='ocrx_word' id='word_1_285' title='bbox 912 3586 1130 3640; x_wconf 86' lang='lat' dir='ltr'><strong>processerat...</strong></span> <span class='ocrx_word' id='word_1_286' title='bbox 1145 3579 1264 3635; x_wconf 89' lang='lat' dir='ltr'><strong>dicendo,</strong></span> <span class='ocrx_word' id='word_1_287' title='bbox 1285 3586 1313 3626; x_wconf 90' lang='lat' dir='ltr'><strong>ut</strong></span> 
     </span>
     <span class='ocr_line' id='line_1_35' title="bbox 314 3644 1315 3706; baseline -0.001 -15"><span class='ocrx_word' id='word_1_288' title='bbox 314 3644 472 3706; x_wconf 83' lang='lat' dir='ltr'><strong>respondeant</strong></span> <span class='ocrx_word' id='word_1_289' title='bbox 489 3645 552 3692; x_wconf 80' lang='lat' dir='ltr'><strong>inter</strong></span> <span class='ocrx_word' id='word_1_290' title='bbox 568 3660 594 3692; x_wconf 89' lang='lat' dir='ltr'><strong>se</strong></span> <span class='ocrx_word' id='word_1_291' title='bbox 610 3645 736 3704; x_wconf 85' lang='lat' dir='ltr'><strong>iunxerat,</strong></span> <span class='ocrx_word' id='word_1_292' title='bbox 748 3645 977 3705; x_wconf 86' lang='lat' dir='ltr'><strong>interpretabaturl</strong></span> <span class='ocrx_word' id='word_1_293' title='bbox 1088 3659 1116 3706; x_wconf 83' lang='lat'><strong>17</strong></span> <span class='ocrx_word' id='word_1_294' title='bbox 1134 3645 1223 3692; x_wconf 86' lang='lat' dir='ltr'><strong>aliisue</strong></span> <span class='ocrx_word' id='word_1_295' title='bbox 1238 3645 1315 3693; x_wconf 78' lang='lat' dir='ltr'><strong>Orelli</strong></span> 
     </span>
     <span class='ocr_line' id='line_1_36' title="bbox 314 3708 1313 3771; baseline -0.002 -13"><span class='ocrx_word' id='word_1_296' title='bbox 314 3727 346 3758; x_wconf 85' lang='lat' dir='ltr'><strong>ao</strong></span> <span class='ocrx_word' id='word_1_297' title='bbox 363 3717 449 3771; x_wconf 87' lang='lat' dir='ltr'><strong>preter</strong></span> <span class='ocrx_word' id='word_1_298' title='bbox 460 3708 485 3755; x_wconf 99' lang='lat' dir='ltr'><em>A</em></span> <span class='ocrx_word' id='word_1_299' title='bbox 581 3725 611 3758; x_wconf 84' lang='lat' dir='ltr'><strong>ar</strong></span> <span class='ocrx_word' id='word_1_300' title='bbox 626 3711 676 3757; x_wconf 86' lang='lat' dir='ltr'><strong>tela</strong></span> <span class='ocrx_word' id='word_1_301' title='bbox 688 3709 724 3756; x_wconf 90' lang='lat' dir='ltr'><strong>P:</strong></span> <span class='ocrx_word' id='word_1_302' title='bbox 742 3725 792 3759; x_wconf 88' lang='lat' dir='ltr'><strong>om.</strong></span> <span class='ocrx_word' id='word_1_303' title='bbox 804 3709 830 3756; x_wconf 92' lang='lat' dir='ltr'><em>A</em></span> <span class='ocrx_word' id='word_1_304' title='bbox 922 3727 954 3758; x_wconf 81' lang='lat' dir='ltr'><strong>aa</strong></span> <span class='ocrx_word' id='word_1_305' title='bbox 971 3717 1028 3758; x_wconf 88' lang='lat' dir='ltr'><strong>acta</strong></span> <span class='ocrx_word' id='word_1_306' title='bbox 1038 3709 1105 3758; x_wconf 88' lang='lat' dir='ltr'><strong>AP:</strong></span> <span class='ocrx_word' id='word_1_307' title='bbox 1123 3711 1189 3758; x_wconf 88' lang='lat' dir='ltr'><strong>iacta</strong></span> <span class='ocrx_word' id='word_1_308' title='bbox 1202 3711 1313 3758; x_wconf 85' lang='lat' dir='ltr'><strong>Gelenius</strong></span> 
     </span>
     <span class='ocr_line' id='line_1_37' title="bbox 314 3774 1315 3838; baseline 0.001 -16"><span class='ocrx_word' id='word_1_309' title='bbox 314 3774 376 3822; x_wconf 87' lang='lat' dir='ltr'><strong>Post</strong></span> <span class='ocrx_word' id='word_1_310' title='bbox 386 3775 475 3823; x_wconf 84' lang='lat' dir='ltr'><strong>lancea</strong></span> <span class='ocrx_word' id='word_1_311' title='bbox 487 3790 586 3823; x_wconf 88' lang='lat' dir='ltr'><strong>erasum</strong></span> <span class='ocrx_word' id='word_1_312' title='bbox 597 3777 668 3822; x_wconf 82' lang='lat' dir='ltr'><strong>estin</strong></span> <span class='ocrx_word' id='word_1_313' title='bbox 680 3775 705 3822; x_wconf 92' lang='lat' dir='ltr'><em>A</em></span> <span class='ocrx_word' id='word_1_314' title='bbox 718 3790 734 3836; x_wconf 95' lang='lat' dir='ltr'><strong>q</strong></span> <span class='ocrx_word' id='word_1_315' title='bbox 844 3789 876 3836; x_wconf 79' lang='lat'><strong>25</strong></span> <span class='ocrx_word' id='word_1_316' title='bbox 893 3776 1094 3837; x_wconf 87' lang='lat' dir='ltr'><strong>indignissimam</strong></span> <span class='ocrx_word' id='word_1_317' title='bbox 1108 3776 1239 3838; x_wconf 78' lang='lat' dir='ltr'><strong>Ruhnken,</strong></span> <span class='ocrx_word' id='word_1_318' title='bbox 1247 3774 1315 3838; x_wconf 84' lang='lat' dir='ltr'><strong>quod</strong></span> 
     </span>
     <span class='ocr_line' id='line_1_38' title="bbox 318 3840 1132 3907; baseline 0 -18"><span class='ocrx_word' id='word_1_319' title='bbox 318 3841 428 3889; x_wconf 83' lang='lat' dir='ltr'><strong>Thomas</strong></span> <span class='ocrx_word' id='word_1_320' title='bbox 437 3841 558 3903; x_wconf 80' lang='lat' dir='ltr'><strong>suppleuit</strong></span> <span class='ocrx_word' id='word_1_321' title='bbox 568 3841 656 3889; x_wconf 68' lang='lat' dir='ltr'><strong>edredo</strong></span> <span class='ocrx_word' id='word_1_322' title='bbox 668 3841 752 3890; x_wconf 86' lang='lat' dir='ltr'><strong>illam:</strong></span> <span class='ocrx_word' id='word_1_323' title='bbox 769 3841 795 3888; x_wconf 91' lang='lat' dir='ltr'><strong>in</strong></span> <span class='ocrx_word' id='word_1_324' title='bbox 807 3841 945 3907; x_wconf 63' lang='lat' dir='ltr'><strong>dissimillll</strong></span> <span class='ocrx_word' id='word_1_325' title='bbox 956 3840 1067 3905; x_wconf 80' lang='lat' dir='ltr'><strong>P)imam</strong></span> <span class='ocrx_word' id='word_1_326' title='bbox 1077 3841 1132 3889; x_wconf 89' lang='grc' dir='ltr'><strong>ΑΡ</strong></span> 
     </span>
    </p>
   </div>
   <div class='ocr_carea' id='block_1_5' title="bbox 797 3951 829 4000">
    <p class='ocr_par' dir='ltr' id='par_1_11' title="bbox 797 3951 829 4000">
     <span class='ocr_line' id='line_1_39' title="bbox 797 3951 829 4000; baseline -0.094 0"><span class='ocrx_word' id='word_1_327' title='bbox 797 3951 829 4000; x_wconf 88' lang='grc'><strong>94</strong></span> 
     </span>
    </p>
   </div>
   <div class='ocr_carea' id='block_1_6' title="bbox 0 0 1523 4520">
    <p class='ocr_par' dir='ltr' id='par_1_12' title="bbox 0 0 1523 4520">
     <span class='ocr_line' id='line_1_40' title="bbox 0 0 1523 4520; baseline 0 0"><span class='ocrx_word' id='word_1_328' title='bbox 0 0 1523 4520; x_wconf 95' lang='lat' dir='ltr'><strong> </strong></span> 
     </span>
    </p>
   </div>
  </div>
 </body>
</html>
