2996 4520
611 440 741 499 LIBER
762 441 795 499 II

206 607 354 686 equitibus
368 607 399 668 in
414 610 529 669 theatro
546 611 612 669 loca
630 607 763 669 restituit.
806 618 836 667 at
851 609 905 670 Cn.
923 606 1084 684 Pompeius
1103 605 1232 672 multis4

206 718 234 766 et
248 705 403 784 praeclaris
418 705 487 766 uiris
501 704 533 765 in
546 705 578 766 id
590 707 701 766 bellum
715 705 881 783 adsumptis
892 704 1093 782 discriptoque
1107 723 1203 781 paene

204 804 236 862 in
260 803 357 864 omnis
385 824 517 864 recessus
543 803 630 864 maris
655 803 803 881 praesidio
827 802 959 876 nauium,
981 801 1065 862 breui
1089 801 1205 860 inexsu-

204 900 328 978 perabili
348 921 439 961 manu
460 913 601 961 terrarum
623 901 726 961 orbem
749 899 885 961 liberauit
904 900 1130 977 praedonesque
1150 919 1201 976 per

176 1022 189 1070 5
204 1000 297 1059 multa
315 1019 350 1058 ac
365 997 465 1059 multis
484 998 557 1059 locis
576 998 672 1059 uictos
689 998 767 1058 circa
781 997 917 1060 Ciliciam
937 1000 1030 1058 classe
1047 999 1202 1074 adgressus

203 1095 279 1156 fudit
293 1115 328 1155 ac
342 1095 473 1172 fugauit;
494 1107 523 1155 et
537 1115 598 1172 quo
618 1095 759 1156 maturius
777 1096 889 1156 bellum
909 1107 970 1155 tam
989 1098 1047 1156 late
1061 1095 1202 1156 diffusum
1215 1117 1229 1167 5

203 1195 370 1266 conficeret,
386 1193 523 1270 reliquias
538 1213 641 1254 eorum
656 1205 821 1254 contractas
839 1193 870 1253 in
889 1193 1013 1253 urbibus
1027 1189 1203 1270 remotoque

204 1291 277 1350 mari
295 1292 363 1351 loco
379 1288 434 1372 [in]
450 1302 529 1351 certa
548 1293 619 1352 sede
636 1291 796 1352 constituit.
840 1303 909 1351 sunt
923 1291 975 1368 qui
993 1293 1052 1350 hoc
1071 1302 1201 1368 carpant,

203 1390 256 1448 sed
280 1408 462 1465 quamquam
490 1389 520 1447 in
545 1400 665 1449 auctore
690 1389 759 1449 satis
781 1388 902 1449 rationis
927 1400 979 1462 est,
1003 1398 1103 1448 tamen
1128 1387 1203 1448 ratio

159 1515 191 1549 1ο
203 1485 366 1562 quemlibet
388 1505 528 1562 magnum
549 1497 701 1546 auctorem
722 1488 830 1546 faceret
840 1507 849 1561 5
870 1487 940 1546 data
962 1484 1042 1545 enim
1063 1487 1202 1545 facultate

203 1581 267 1642 sine
281 1594 366 1659 rapto
381 1581 504 1642 uiuendi
517 1582 627 1659 rapinis
641 1583 741 1644 arcuit.

244 1679 323 1740 Cum
344 1690 420 1738 esset
441 1677 473 1738 in
495 1681 553 1739 fine
574 1679 687 1739 bellum
707 1679 863 1757 piraticum
885 1692 914 1740 et
934 1682 966 1739 L.
984 1681 1134 1753 LuculluS,
1150 1679 1201 1757 qui
1214 1702 1253 1762 33

203 1786 272 1835 ante
294 1787 407 1852 septem
426 1795 521 1836 annos
543 1797 579 1836 ex
600 1778 755 1836 consulatu
777 1776 896 1837 sortitus
910 1777 1013 1836 Asiam
1035 1776 1202 1837 Mithridati

204 1873 437 1950 oppositus'erat
459 1894 640 1951 magnasque
662 1867 913 1935 etmemorabilis
934 1895 980 1935 res
1001 1874 1043 1934 ibi
1063 1886 1200 1952 gesserat,

159 1997 188 2046 15
204 1970 398 2031 Mithridaten
427 1991 515 2048 saepe
543 1971 643 2031 multis
671 1971 745 2032 locis
769 1974 893 2046 fuderat,
923 1972 1038 2050 egregia
1060 1972 1201 2049 Cyzicum

202 2068 338 2128 liberarat
359 2067 490 2141 uictoria,
513 2067 671 2145 Tigranen,
693 2090 795 2147 regum
817 2069 987 2143 maximum,
1007 2069 1039 2129 in
1059 2068 1202 2129 Armenia

202 2166 313 2226 uicerat
343 2165 537 2242 ultimamque
565 2165 645 2226 bello
673 2186 795 2226 manum
822 2186 918 2243 paene
945 2167 1038 2244 magis
1066 2169 1202 2227 noluerat

201 2263 355 2340 imponere
370 2282 459 2339 quam
473 2283 536 2322 non
554 2275 699 2340 potuerat,
715 2263 767 2341 qui
785 2264 897 2342 alioqui
915 2285 968 2341 per
982 2264 1083 2324 omnia
1102 2266 1201 2325 lauda-

201 2360 268 2420 bilis
283 2371 312 2419 et
326 2359 406 2420 bello
420 2379 515 2436 paene
529 2359 657 2421 inuictus
672 2361 816 2438 pecuniae
833 2361 1035 2439 pelliciebatur
1050 2362 1198 2439 cupidine,

157 2485 189 2520 20
201 2457 282 2517 idem
306 2456 418 2516 bellum
442 2458 541 2516 adhuc
565 2457 791 2532 administraret,
816 2458 957 2518 Manilius
985 2459 1121 2519 tribunus
1148 2461 1198 2536 pl.,

201 2575 318 2631 semper
331 2553 444 2614 uenalis
459 2565 488 2614 et
506 2553 620 2615 alienae
639 2555 772 2615 minister
788 2555 947 2632 potentiae,
964 2557 1060 2633 legem
1077 2556 1151 2631 tulit,
1167 2569 1200 2617 ut

235 2715 350 2774 raequit.
373 2715 399 2762 A
515 2715 572 2764 loco
600 2715 657 2780 del,
685 2715 740 2764 dein
767 2724 887 2779 suprascr.
915 2716 972 2764 loca
994 2716 1020 2762 A
1132 2698 1200 2764 miMs

201 2778 253 2840 del,
272 2778 328 2828 dn'n
338 2788 457 2843 suprascr.
478 2781 564 2829 multis
580 2781 606 2828 A
691 2798 707 2830 a
724 2781 785 2830 uiris
803 2782 845 2838 bis,
863 2782 937 2828 altero
954 2781 1027 2829 deleto
1044 2780 1070 2827 A
1149 2781 1199 2829 dis·

200 2844 282 2906 cripto
293 2861 360 2906 quae
371 2845 397 2892 A
409 2863 416 2894 2
434 2847 614 2908 descriptoque
627 2846 653 2894 P
749 2847 944 2909 paeneHaase:
961 2863 1011 2895 nae
1023 2863 1056 2894 ue
1067 2846 1102 2908 A,
1116 2846 1202 2896 om.P

200 2911 346 2970 3presidio
366 2910 392 2956 A
470 2912 573 2974 inexup.
592 2911 618 2959 P
736 2913 835 2971 4malo
854 2910 930 2959 Herel
1051 2927 1098 2974 per
1121 2911 1199 2960 multa

200 2991 216 3022 a
233 2976 319 3023 multis
335 2975 404 3024 AP:
427 2976 505 3025 ‘alias
522 2993 552 3026 ac
568 2975 667 3026 multis'
681 2977 764 3025 Burer
873 2991 888 3037 5
906 2976 980 3025 uictis
995 2976 1021 3023 A
1089 2977 1199 3024 Cilitiam
1227 2975 1229 2980 ’

200 3039 226 3085 A
310 3040 443 3104 6quoP:
460 3044 527 3102 quod
543 3042 569 3088 A
652 3042 773 3091 samari
788 3041 899 3091 Gelenius
958 3043 984 3090 in
996 3040 1127 3090 delendum
1136 3047 1200 3105 puto

200 3119 217 3164 9
232 3106 278 3153 sed
290 3121 348 3154 cum
365 3107 391 3154 in
407 3114 510 3156 auctore
527 3109 589 3156 satis
603 3109 667 3156 ratio
685 3115 724 3156 est
743 3115 797 3156 tum
815 3109 880 3156 ratio
894 3107 965 3156 Cobet
1028 3112 1056 3155 tr‘r
1074 3107 1126 3170 del,
1144 3107 1198 3155 dein

199 3178 318 3233 suprascr.
344 3178 371 3220 tss
393 3171 438 3220 A:
466 3181 520 3221 turn
541 3172 568 3226 P
709 3189 737 3222 11
756 3174 840 3234 arguit
861 3173 887 3219 A
1033 3189 1063 3220 12
1080 3172 1118 3236 et]
1143 3189 1199 3221 cum

201 3259 226 3301 et
238 3252 292 3300 ΑΡ
413 3269 443 3315 13
460 3271 493 3304 ex
510 3255 587 3304 COS.
602 3254 642 3302 P:
666 3272 699 3304 ex
716 3249 792 3306 cos.
809 3255 854 3304 A:
871 3271 905 3304 ex
922 3255 1056 3304 consulatu
1071 3254 1147 3303 Voss:
1164 3271 1199 3304 ex

200 3319 305 3367 consule
321 3318 441 3368 Heinsius
526 3336 556 3380 14
573 3327 599 3368 et
616 3320 661 3370 A:
689 3337 719 3370 ac
735 3320 762 3367 P
824 3321 1001 3369 memorabiles
1018 3321 1070 3368 ΑΡ
1169 3334 1198 3381 15

201 3384 366 3433 Mithridaten
378 3384 420 3432 P:
438 3384 611 3434 Mithridatem
627 3385 653 3432 A
759 3388 886 3448 egregiaq.
906 3385 959 3448 det,
977 3386 1032 3434 dein
1049 3386 1154 3446 egregia
1170 3385 1196 3432 A

203 3452 233 3497 16
248 3450 376 3510 Tigranen
391 3449 433 3497 P:
457 3450 616 3512 Tigrannem
631 3450 657 3497 A
736 3467 824 3514 regem
843 3452 918 3500 Kritz
1040 3467 1067 3513 17
1086 3467 1153 3512 pene
1170 3450 1196 3496 A

203 3516 233 3562 18
250 3531 313 3562 num
329 3515 441 3576 quiquel
542 3532 573 3577 19
589 3516 730 3579 pellebatur
745 3517 791 3566 A:
813 3517 990 3578 expellebatur
1006 3515 1045 3564 P:
1070 3521 1119 3566 ‘sc.
1138 3515 1198 3564 belli

200 3579 435 3629 administratione’
453 3580 588 3644 Wopkens:
616 3583 782 3643 pellicebatur
801 3582 949 3630 Wardurron
966 3582 1042 3630 nesab
1058 3598 1106 3644 quo
1121 3597 1199 3629 enon

196 3653 244 3708 pro
266 3647 448 3708 pelliciebatur,
468 3647 536 3710 quod
555 3655 635 3710 nuper
654 3649 713 3696 coni.
734 3648 857 3710 Madur'g:
887 3648 1049 3708 polluebatur
1070 3648 1197 3708 Bemays:

200 3711 334 3759 tenebatur
351 3711 451 3760 Scn'ner
554 3729 587 3761 ao
604 3713 708 3761 Manibu
725 3713 781 3776 del,
798 3713 853 3761 der'n
871 3712 991 3762 Manilius
1004 3712 1030 3760 A
1105 3728 1134 3760 ar
1154 3713 1199 3761 im-

200 3777 330 3838 potentiae
345 3777 494 3827 Warburion

669 3953 698 4004 51
1037 3925 1072 3988 4*
