2996 4520
625 478 754 537 LIBER
776 478 809 537 11

216 634 374 704 conamine
385 642 530 704 minorem
542 645 701 705 Catullum.
731 662 826 719 paene
840 643 929 702 stulta
939 652 984 701 est
997 639 1214 700 inhaerentium
1228 665 1242 710 3

216 739 309 800 oculis
336 739 523 817 ingeniorum
551 739 743 812 enumeratio,
769 739 845 799 inter
869 759 946 816 quae
971 737 1098 797 maxime
1123 736 1214 797 nostri

215 837 282 897 aeui
304 837 437 897 eminent
459 837 596 914 princeps
619 836 783 896 carminum
798 835 944 913 Vergilius
968 833 1167 911 Rabiriusque
1185 845 1214 893 et

216 946 394 995 consecutus
409 934 579 995 Sallustium
595 934 697 994 Liuius
712 934 909 1012 Tibullusque
923 945 953 994 et
965 936 1056 1007 Naso,
1068 931 1215 1010 perlectis-

186 1051 199 1097 ⁵
216 1031 283 1091 simi
296 1031 328 1092 in
342 1034 437 1092 forma
451 1031 547 1109 operis
559 1031 623 1106 sui}
644 1051 714 1091 nam
729 1031 866 1092 uiuorum
881 1041 913 1091 ut
928 1051 1035 1108 magna
1048 1028 1213 1102 admiratio,

215 1129 256 1188 ita
270 1149 394 1190 censura
408 1129 534 1190 difficilis
548 1141 600 1190 est.

257 1229 339 1286 Dum
367 1228 441 1286 haec
468 1226 499 1286 in
527 1226 601 1286 urbe
629 1225 774 1303 Italiaque
801 1236 949 1303 geruntur,
973 1227 1029 1287 Cn.
1054 1224 1215 1302 Pompeius
1229 1242 1267 1302 37

216 1323 409 1384 memorabile
436 1325 578 1384 aduersus
602 1323 805 1396 Mithridaten,
831 1323 884 1401 qui
910 1334 979 1400 post
1007 1323 1123 1383 Luculli
1150 1342 1216 1400 pro

216 1420 376 1481 lectionem
391 1441 513 1498 magnas
528 1421 599 1481 noui
619 1420 762 1481 exercitus
784 1420 872 1481 uireis
894 1432 1087 1498 reparauerat,
1103 1421 1214 1480 bellum

174 1539 204 1574 ιο
217 1515 314 1594 gessit.
357 1529 387 1576 at
408 1538 457 1577 rex
477 1519 559 1578 susus
580 1520 757 1595 fugatusque
779 1529 808 1577 et
833 1517 972 1578 omnibus
995 1530 1099 1578 exutus
1121 1517 1242 1594 copiisz

217 1614 389 1674 Armeniam
403 1614 612 1693 Tigranenque
626 1631 762 1675 socerum
776 1614 858 1692 petit,
873 1635 972 1693 regem
987 1615 1050 1674 eius
1064 1614 1214 1691 temporis,

216 1711 273 1772 nisi
287 1733 347 1789 qua
361 1713 478 1772 Luculli
491 1713 580 1772 armis
594 1724 656 1773 erat
672 1712 821 1786 infractus,
837 1712 1084 1789 potentissimum.
1128 1711 1216 1772 simul
1231 1723 1244 1769 3

216 1809 316 1886 itaque
331 1811 407 1870 duos
421 1821 592 1886 persecutus
608 1809 768 1886 Pompeius
783 1809 902 1869 intrauit
920 1809 1100 1869 Armeniam.
1137 1808 1216 1886 prior

217 1906 294 1966 filius
318 1907 461 1984 Tigranis,
485 1909 538 1967 sed
560 1907 672 1967 discors
696 1907 779 1984 patri,
803 1907 938 1984 peruenit
958 1909 998 1967 ad
1020 1907 1197 1984 Pompeium
1208 1930 1216 1981 ;

174 2025 287 2078 ¹51110X
311 2003 374 2080 ipse
399 2006 523 2081 supplex
546 2016 575 2064 et
596 2023 735 2081 praesens
760 2025 792 2064 se
812 2024 995 2082 regnumque
1020 2003 1132 2064 dicioni
1152 2003 1245 2064 eius4

215 2101 356 2178 permisit,
372 2103 519 2178 praefatus
533 2102 684 2163 neminem
698 2103 789 2163 alium
808 2123 906 2180 noque
926 2105 1098 2163 Romanum
1118 2123 1215 2180 neque

215 2199 303 2260 ullius
317 2199 412 2278 gentis
426 2200 522 2261 uirum
534 2202 664 2260 futurum
675 2201 774 2274 fuisse,
787 2201 870 2262 cuius
885 2221 917 2261 se
932 2200 1065 2262 societati
1079 2201 1216 2262 commis-

215 2317 299 2357 surus
322 2299 405 2371 foret,
429 2314 519 2375 quarn
542 2300 598 2360 Cn.
622 2298 818 2376 Pompeium;
839 2298 925 2376 proin
946 2318 1067 2360 omnem
1089 2298 1146 2359 sibi
1166 2301 1215 2359 uel

214 2395 371 2454 aduersam
395 2396 443 2454 uel
462 2396 633 2468 secundam,
657 2395 741 2456 cuius
763 2407 867 2456 auctor
888 2395 937 2455 ille
958 2408 1043 2469 esset,
1066 2398 1214 2456 fortunam

171 2521 201 2557 20
214 2490 398 2552 tolerabilem
423 2493 568 2551 futuram:
598 2511 659 2551 non
682 2512 747 2552 esse
771 2503 856 2569 turpe
883 2492 922 2552 ab
950 2512 987 2552 eo
1011 2493 1099 2566 uinci,
1124 2513 1214 2570 quem

215 2588 334 2648 uincere
348 2599 425 2648 esset
440 2591 530 2662 nefas,
546 2609 644 2666 neque
658 2589 815 2650 inhoneste
829 2590 959 2667 aliquem
976 2590 1121 2651 summitti
1135 2590 1213 2665 huic,

215 2705 305 2762 quem
326 2687 444 2746 fortuna
462 2705 550 2762 super
568 2684 665 2746 omnis
685 2687 842 2747 extulisset.
885 2697 1018 2747 seruatus
1036 2687 1102 2764 regi·
1118 2689 1215 2748 honos
1230 2698 1242 2744 5

214 2781 327 2860 imperi,
357 2784 410 2842 sed
438 2784 563 2842 multato
590 2782 703 2859 ingenti
729 2783 864 2860 pecunia,
889 2803 966 2861 quae
993 2784 1099 2858 omniS,
1129 2784 1215 2846 sicuti

250 2953 261 2985 r
280 2938 415 2986 conamine
436 2937 537 2998 scn'psi:
565 2936 677 2985 carmine
697 2937 765 2987 AP:
794 2954 878 2998 neque
897 2937 951 2985 ullo
971 2938 997 2985 in
1017 2946 1139 3001 suscepto
1160 2955 1214 2987 car-

216 3002 291 3051 minis
311 3004 351 3051 sui
370 3019 448 3064 opere
465 3003 565 3050 Halm:
593 3019 678 3064 neque
697 3003 749 3051 ullo
769 3003 818 3051 nisi
838 3003 960 3051 succincti
980 3005 1066 3065 operis
1085 3006 1214 3053 uolumine

215 3083 247 3116 m.
261 3069 290 3117 C.
302 3068 333 3118 L.
350 3069 459 3116 Traube:
478 3083 562 3129 neque
576 3068 628 3116 ulla
645 3069 671 3115 iu
687 3069 801 3129 suscepti
813 3069 898 3131 operis
909 3069 947 3116 sui
961 3076 1032 3129 parte
1045 3085 1074 3117 se
1089 3071 1215 3119 minorem

213 3149 259 3196 ego
269 3133 330 3180 olim
418 3133 601 3182 CatullumA:
618 3134 735 3183 Catulum
747 3133 773 3181 P
868 3133 1040 3183 inherentium
1056 3135 1082 3182 A
1199 3152 1214 3184 a

215 3201 306 3258 interq.
326 3198 381 3259 del„
393 3196 448 3246 dein
464 3207 584 3262 suprascr.
605 3200 673 3248 inter
689 3215 755 3260 quae
766 3198 792 3245 A
895 3214 910 3260 3
928 3201 1047 3261 princeps
1062 3200 1128 3252 BA:
1146 3201 1214 3263 prin-

215 3263 320 3326 cipesP
382 3263 459 3324 Verg.
472 3263 527 3311 ΑΡ
606 3282 621 3326 4
639 3263 819 3313 SallustiumA
910 3281 958 3326 7c.
969 3280 1000 3327 37
1012 3266 1099 3314 Haase
1109 3267 1216 3314 censebat

215 3330 265 3378 Ioco
286 3345 333 3377 suo
355 3334 453 3376 motum
474 3345 523 3376 esse
538 3333 561 3376 et
577 3329 721 3378 mirandum
734 3335 853 3394 post393
878 3330 982 3378 absurde
1002 3332 1068 3379 euim
1088 3331 1117 3380 id
1133 3332 1218 3380 diuelli

214 3411 231 3441 a
248 3411 288 3456 40,
308 3399 331 3442 et
347 3401 382 3442 ua
400 3394 529 3442 diuulsum
547 3395 669 3458 euterpaui
682 3396 747 3444 inter
760 3395 810 3443 duo
828 3395 934 3458 epesodea
953 3412 1015 3458 quae
1031 3397 1096 3444 inter
1113 3412 1139 3444 se
1160 3413 1215 3445 con·

214 3461 297 3508 iuncta
311 3460 393 3521 fiu'sse
415 3475 465 3507 non
485 3461 571 3507 minus
592 3465 780 3508 mnsentamum
801 3461 834 3508 sit
855 3477 933 3521 quam
955 3462 971 3509 i.
994 3464 1073 3522 14-18
1197 3479 1214 3524 9

214 3526 291 3573 uireis
307 3525 362 3573 ΑΡ
377 3524 445 3588 quad
466 3526 555 3572 retinui
574 3541 631 3572 eum
653 3526 689 3574 ad
708 3526 891 3574 Murbaoeusem
912 3528 1019 3574 reuocari
1036 3528 1117 3576 debeat
1135 3532 1215 3590 utpote

213 3591 345 3639 st'clectum
361 3589 566 3638 abAmerbache’o
623 3591 685 3639 uiris
698 3591 781 3638 Halm
861 3606 891 3638 10
907 3598 933 3639 at
945 3591 1014 3641 BA:
1031 3592 1071 3641 Ac
1083 3593 1109 3641 P
1184 3607 1212 3639 11

214 3671 332 3704 socerum
348 3655 415 3706 AP:
439 3670 564 3716 generum
584 3654 685 3704 Aldus:
712 3672 788 3705 socer
809 3672 933 3717 generum
954 3655 1074 3706 Heiuu'us
1150 3658 1215 3719 petit

216 3721 329 3770 &umus
444 3735 474 3768 12
490 3737 540 3782 qua
559 3721 662 3771 Gruter:
690 3722 750 3782 quia
765 3721 819 3768 ΑΡ
931 3736 961 3782 15
976 3723 1034 3772 eius
1050 3724 1140 3772 ditioni
1157 3724 1214 3772 eius

213 3786 239 3833 A
261 3788 315 3848 (sic)
417 3788 447 3834 18
463 3786 538 3848 proin
554 3785 599 3835 A:
622 3788 730 3849 proinde
745 3786 772 3834 P
866 3802 895 3835 ar
913 3787 1030 3838 huicA:
1054 3805 1103 3838 om.
1122 3788 1153 3853 P,
1172 3788 1217 3836 sed

213 3851 423 3966 Κὴιηαηῖραᾰη.
436 3852 514 3901 ‘alias
525 3867 584 3913 neq;
595 3853 634 3900 ei'
741 3868 773 3901 aa
789 3868 879 3902 omnes
890 3853 916 3900 A
929 3869 935 3902 ι
951 3855 1050 3903 omneis
1061 3853 1087 3902 P
1181 3868 1213 3917 23

214 3932 306 3982 tmperi

695 4007 726 4060 ⁵⁵
