2996 4520
594 458 724 517 LIBER
745 458 778 518 11

190 624 333 686 exercitus
361 626 417 687 Cn.
444 636 474 685 et
502 628 533 686 P.
560 625 715 702 Scipiones
737 625 822 686 initio
844 626 969 687 secundi
993 625 1063 687 belli
1086 626 1192 688 Punici

190 722 300 783 abhinc
323 739 518 797 annosam,
545 721 617 783 inde
641 723 722 784 uarie
745 743 883 801 possessa
909 735 939 784 et
967 743 1056 801 saepe
1083 723 1192 785 amissa

189 819 330 896 partibus,
359 819 498 880 uniuersa
530 822 622 880 ductu
655 819 783 898 Augusti
814 822 892 880 sacta
919 819 1109 897 stipendiaria
1136 832 1188 882 est.
1267 895 1269 902 Ι

191 918 402 979 Macedoniam
417 920 535 991 Paulus,
553 917 719 978 Mummius
738 918 893 992 Achaiam,
910 918 1033 979 Fuluius
1053 918 1191 979 Nobilior
1205 937 1218 986 5

161 1016 306 1093 5subegit
326 1014 484 1088 Aetoliam,
507 1014 610 1075 Asiam
632 1017 665 1075 1.
682 1015 791 1093 Scipio,
813 1005 945 1076 Africani
966 1017 1061 1089 frater,
1084 1015 1191 1093 eripuit

189 1113 349 1187 Antiocho,
365 1115 418 1174 sed
433 1113 579 1174 beneficio
594 1125 714 1174 senatus
733 1113 896 1191 populique
916 1113 1046 1174 Romani
1067 1133 1138 1174 mox
1151 1115 1190 1174 ab

189 1211 295 1272 Attalis
315 1231 483 1289 possessam
505 1208 647 1292 [regibus]
670 1213 713 1271 M.
735 1214 891 1288 Perpenna
911 1222 1000 1289 capto
1020 1210 1190 1273 Aristonico

188 1309 258 1370 fecit
272 1307 462 1369 tributariam.
499 1309 613 1386 Cypros
628 1308 747 1368 deuicta
760 1306 869 1368 nullius
883 1308 1068 1386 adsignanda
1081 1309 1190 1386 gloriae
1203 1323 1218 1371 6

189 1417 252 1480 est3
286 1405 397 1483 quippe
430 1416 549 1465 senatus
582 1407 728 1479 consultu,
757 1404 920 1467 ministerio
953 1406 1085 1480 Catonis,
1111 1407 1190 1484 regis

145 1529 177 1565 ιο
190 1513 293 1576 morte,
312 1522 402 1579 quam
422 1501 470 1562 ille
489 1501 672 1562 conscientia
693 1501 848 1576 acciuerat‚
864 1505 942 1562 lacta
962 1503 1117 1580 prouincia
1135 1516 1187 1564 est.

190 1602 279 1662 Creta
297 1599 411 1660 Metelli
431 1601 523 1660 ductu
543 1598 731 1677 longissimae
750 1599 891 1660 libertatis
914 1601 974 1660 fine
993 1603 1116 1660 multata
1135 1614 1187 1662 est.

189 1698 271 1776 Syria
285 1700 458 1773 Pontusque
473 1698 528 1758 Cn.
546 1695 671 1772 Pompei
684 1695 800 1756 uirtutis
814 1696 999 1756 monimenta
1013 1707 1089 1757 sunt.

229 1795 340 1856 Gallias
364 1793 492 1871 primum
516 1815 536 1852 a
561 1793 696 1854 Domitio
716 1801 744 1853 et
763 1793 866 1867 Fabio,
888 1805 998 1871 nepote
1020 1794 1112 1869 Pauli,
1134 1795 1186 1873 qui
1200 1806 1243 1866 39

189 1890 395 1969 Allobrogicus
410 1902 534 1952 uocatus
548 1901 601 1964 est,
617 1890 738 1950 intratas
755 1910 824 1950 eum
844 1891 980 1965 exercitu,
996 1912 1104 1969 magna
1117 1913 1188 1952 mox

145 2015 175 2066 15
188 1991 275 2050 clade
309 2000 417 2062 nostra,
446 2008 535 2065 saepe
563 1999 592 2048 et
623 1987 839 2048 adfectauimus
872 2000 901 2048 et
929 1988 1091 2050 omisimus.
1135 1991 1189 2050 sed

188 2086 436 2165 fulgentissimum
451 2087 485 2148 C.
503 2085 637 2148 Caesaris
652 2106 728 2163 opus
742 2085 773 2146 in
792 2086 839 2148 his
857 2087 1039 2165 conspicitur
1048 2109 1057 2163 3
1077 2088 1189 2166 quippe

188 2185 251 2246 eius
273 2187 366 2245 ductu
388 2183 586 2261 auspiciisque
606 2184 748 2245 infractae
768 2204 864 2262 paene
887 2185 977 2259 idem,
1001 2188 1084 2264 quod
1108 2197 1188 2247 totus

187 2295 328 2343 terrarum
343 2280 432 2355 orbis,
447 2281 618 2358 †ignauum
632 2284 789 2341 conserunt
803 2281 993 2359 stipendium.
1026 2282 1066 2342 ab
1080 2285 1187 2344 eodem
1204 2305 1215 2337 2

187 2383 284 2441 facta.
302 2427 308 2441 .
326 2427 332 2440 .
349 2379 535 2440 Numidicus.
580 2378 716 2441 Ciliciam
731 2379 900 2456 perdomuit
918 2379 1065 2440 Isauricus
1077 2391 1106 2441 et
1120 2394 1188 2458 post

224 2551 235 2583 1
255 2535 328 2583 initio
346 2533 386 2583 P:
415 2533 440 2582 in
462 2533 515 2582 otio
532 2541 655 2596 suprascr.
674 2533 754 2584 initio.
775 2533 840 2583 Beat
858 2534 895 2597 A,
916 2539 945 2582 ut
961 2534 1068 2583 dubitem
1083 2537 1144 2584 sitne
1159 2553 1189 2584 ex

188 2602 320 2648 coniectura
333 2600 406 2647 Beati
415 2599 535 2647 Rhenani
544 2598 617 2648 initio
625 2615 659 2647 an
668 2600 707 2647 ille
721 2600 756 2646 sie
765 2600 847 2661 legen't
858 2600 926 2661 quod
935 2605 987 2648 erat
997 2601 1024 2648 in
1035 2601 1191 2650 Murbacensr'

187 2682 203 2714 2
220 2682 282 2727 sepe
294 2665 320 2712 A
371 2667 466 2714 omissa
478 2664 560 2727 Bergk
656 2667 673 2712 6
690 2666 721 2713 ab
737 2665 830 2714 Attalis
844 2665 972 2714 Gelem'us:
990 2666 1075 2715 habita
1091 2667 1123 2714 lis
1136 2666 1191 2713 ΑΡ

190 2747 203 2792 7
221 2732 323 2793 regibus
339 2729 377 2780 P:
401 2747 451 2780 om.
464 2729 489 2776 A
589 2731 605 2777 8
622 2730 724 2791 Cyprus
742 2731 855 2792 (Cypros
871 2732 965 2790 Halm)
984 2732 1007 2780 d.
1022 2731 1118 2780 nullius
1134 2732 1185 2780 ads.

188 2797 286 2859 gloriae
298 2803 337 2845 est
350 2796 494 2858 (gloriaest)
504 2795 626 2845 hunni:
645 2797 731 2858 Cypro
741 2796 843 2844 deuicta
852 2796 928 2845 nullis
936 2797 1095 2856 adsignanda
1107 2797 1187 2857 gloria

189 2861 291 2911 estAP
385 2861 552 2924 9plebiscito
566 2860 642 2909 Cuius
743 2876 770 2908 11
790 2861 905 2910 finemA
973 2861 1050 2910 estA
1063 2861 1187 2909 etAu'da·

188 2929 253 2976 lius:
278 2927 311 2974 Et
327 2925 354 2973 P
485 2942 514 2974 12
533 2941 644 2975 monum.
656 2926 710 2974 ΑΡ
841 2943 871 2988 13
888 2927 1022 2990 primusA
1101 2927 1186 2976 aadd.

188 2992 274 3041 Aldus
320 2999 347 3040 et
363 2991 421 3042 add.
442 2991 554 3042 Gelenius
605 2992 734 3054 Fabioque
749 2991 853 3040 Vrsinus
937 3007 966 3053 15
982 2992 1113 3041 amisimus
1126 2991 1185 3054 ΑΡ,

188 3073 234 3106 ern.
253 3057 373 3105 Heinsius
472 3059 502 3105 16
519 3058 560 3106 his
570 3056 596 3104 A
616 3058 683 3119 quod
691 3062 786 3106 tutatus
800 3063 836 3105 est
849 3058 965 3121 Thomas,
979 3059 1008 3106 de
1022 3056 1078 3107 Vell.
1092 3059 1187 3108 nolum.

188 3123 274 3172 condia
283 3131 311 3185 p.
328 3138 375 3183 14:
392 3121 459 3171 iisP
572 3137 601 3185 17
618 3123 786 3185 auspitiisque
803 3122 909 3172 lnsracte
925 3123 951 3170 A
1035 3139 1103 3184 pene
1119 3123 1187 3174 AP:

189 3188 265 3250 plane
278 3189 317 3236 uel
327 3188 403 3249 plene
415 3188 551 3236 Burmann
651 3191 681 3237 18
697 3190 817 3250 ignauum
828 3189 894 3239 AP:
913 3190 939 3237 in
951 3189 1075 3238 aerarium
1092 3189 1185 3252 Aldus,

189 3253 257 3316 quod
266 3254 348 3316 reoepit
362 3253 458 3303 Halm:
476 3254 604 3314 signatum
620 3253 736 3317 Popma:
753 3255 880 3314 ingratum
897 3255 1009 3303 Laurent
1090 3255 1188 3315 stIpen-

189 3320 259 3367 dium
278 3319 319 3367 Ab
338 3320 430 3367 eodem
452 3317 518 3367 sacta
538 3319 686 3368 Numidicus
705 3321 814 3369 Cilitiam
836 3321 981 3382 perdomuit
1005 3320 1060 3368 uisa
1083 3321 1188 3370 uicisset

188 3392 248 3446 post
268 3385 362 3433 bellum
387 3383 576 3435 Antiochinum.
621 3385 701 3433 Vulso
725 3385 835 3434 Manlius
859 3387 925 3447 gallo
950 3387 1045 3447 graecia
1062 3385 1097 3448 A,
1120 3395 1144 3433 et
1164 3385 1191 3433 Ρ

189 3451 238 3498 nise¹
247 3450 315 3512 quod
324 3455 382 3512 post
397 3449 553 3510 stipendium
565 3450 636 3512 plene
650 3451 805 3514 interpunm't,
825 3452 908 3499 addito
924 3457 981 3500 ante
998 3452 1052 3500 uisa
1069 3453 1186 3503 asterisco.

190 3516 267 3564 Orelli
282 3516 362 3563 locum
384 3515 419 3562 sie
439 3516 532 3577 sempsit
553 3515 716 3576 stipendium.
755 3517 929 3578 stipendiaria
951 3520 983 3566 ab
1006 3517 1098 3566 eodem
1121 3518 1188 3566 iacta

190 3580 316 3630 Numidia.
352 3580 468 3630 Ciliciam
484 3581 628 3641 perdomuit
641 3582 768 3631 Isauricus
784 3590 810 3630 et
826 3590 885 3643 post
900 3583 993 3632 bellum
1006 3583 1188 3631 Antiochinum

187 3646 266 3695 Volso
277 3647 385 3695 Manlius
395 3646 596 3706 Gallograeciam
606 3664 612 3696 :
621 3647 648 3695 in
656 3648 744 3708 quibus
752 3649 837 3696 etiam
846 3649 985 3697 Rhenanus
991 3650 1050 3698 euni.
1059 3649 1086 3695 in
1094 3665 1185 3711 marga,

189 3711 317 3761 Isauricus
324 3712 428 3776 Sigomo
435 3712 532 3759 debetur
582 3727 611 3774 19
618 3712 685 3762 sacta
695 3713 826 3777 [Numidia
841 3715 980 3776 prouincia,
990 3716 1118 3776 equalem
1127 3715 1187 3762 olim

189 3793 332 3839 cognomen
357 3779 451 3826 uirtute
476 3785 576 3839 partum
596 3779 722 3826 detulerat
741 3778 873 3840 Metellus]
895 3780 1043 3829 Numidicus
1066 3780 1189 3846 suppleuit

188 3842 275 3893 Haase
373 3843 500 3894 Isauricus
512 3850 538 3893 et
548 3843 686 3908 Sigonius:
703 3845 758 3894 uisa
769 3845 874 3894 uicisset
885 3844 939 3893 ΑΡ

674 4001 706 4056 57
