3010 4520
630 466 760 526 LIBER
781 467 797 526 I

216 630 302 691 nouis
323 629 496 692 hominibus
516 631 596 709 prior
616 631 766 692 Mummio
785 649 953 708 cognomen
972 629 1080 690 uirtute
1101 638 1219 706 partum

217 728 388 809 uindicauit.
438 729 549 791 diuersi
583 728 810 806 imperatoribus
844 748 950 802 mores,
987 727 1105 788 diuersa
1137 729 1247 792 lueres

180 861 181 866 κ
217 826 332 887 studia:
368 826 480 904 quippe
504 827 605 905 Scipio
629 837 691 887 tam
716 828 834 904 elegans
862 825 1028 887 liberalium
1053 824 1219 886 studiorum

156 943 161 952 ·
219 923 377 1001 omnisque
391 925 545 986 doctrinae
559 937 590 986 et
602 936 707 986 auctor
720 935 750 986 et
764 924 924 986 admirator
937 923 1001 997 suit,
1014 934 1046 984 ut
1061 922 1219 1000 Polybium

189 1022 461 1100 5Panaetiumque,
487 1023 692 1101 praecellentis
720 1023 841 1100 ingenio
865 1022 954 1096 uiros
980 1021 1064 1084 domi
1088 1020 1220 1080 militiae

218 1139 277 1196 que
298 1141 400 1181 secum
423 1121 567 1182 habuerit.
611 1141 709 1198 neque
729 1121 810 1182 enirn
829 1119 987 1198 quisquam
1006 1122 1065 1180 hoc
1079 1119 1220 1196 Scipione

217 1217 380 1296 elegantius
403 1218 558 1280 interualla
579 1219 765 1298 negotiorum
789 1218 851 1280 otio
871 1217 1025 1296 dispumrit
1044 1237 1220 1294 semperque

217 1327 268 1376 aut
293 1315 363 1376 belli
385 1329 436 1378 aut
458 1317 540 1394 pacis
565 1317 666 1378 seruiit
684 1317 817 1378 artibus:
847 1335 964 1394 semper
985 1315 1165 1376 interarma
1184 1335 1220 1375 ac

218 1412 317 1473 studia
330 1425 465 1481 uersatus
478 1425 530 1476 aut
544 1435 652 1492 corpus
670 1414 809 1492 periculis
828 1425 880 1474 aut
900 1413 1035 1474 animum
1056 1411 1220 1490 disciplinis

174 1541 205 1574 ιο
219 1509 356 1571 exercuit.
401 1512 567 1573 Mummius
581 1523 643 1573 tam
658 1513 743 1574 rudis
762 1513 825 1587 fuit,
841 1524 875 1573 ut
888 1523 976 1590 capta
987 1511 1136 1574 Corintho
1151 1531 1220 1572 curn
1233 1534 1250 1581 4

219 1609 416 1671 maximorum
438 1612 584 1674 artificum
601 1615 748 1690 perfectas
765 1613 906 1674 mambus
925 1613 1041 1672 tabulas
1055 1631 1091 1671 ac
1110 1621 1221 1670 statuas

219 1710 250 1768 in
266 1708 383 1769 Italiam
398 1712 559 1787 portandas
570 1713 692 1785 locaret,
702 1711 820 1771 iuberet
828 1709 961 1788 praedici
972 1707 1219 1781 conducentibus,

218 1808 244 1866 si
258 1827 308 1867 eas
322 1807 530 1884 perdidissent,
546 1828 640 1870 nouas
655 1829 707 1870 eos
718 1808 897 1869 reddituros.
939 1827 1002 1868 non
1024 1818 1125 1866 tamen
1143 1817 1222 1883 puto
1235 1823 1248 1874 5

220 1905 347 1979 dubites
369 1905 478 1980 Vinici,
501 1906 573 1984 quin
596 1906 691 1984 magis
713 1927 767 1984 pro
786 1927 821 1967 re
844 1905 965 1984 publica
985 1905 1074 1966 fuerit
1101 1924 1222 1964 manere

177 2031 204 2079 15
220 2005 319 2063 adhuc
333 2005 438 2064 rudem
454 2004 677 2067 Corinthiorum
692 2005 877 2066 intellectum
891 2025 981 2082 quam
998 2003 1032 2062 in
1051 2014 1167 2063 tantum
1186 2022 1222 2062 ea

220 2101 358 2179 intellegi,
388 2113 418 2162 et
446 2102 519 2180 quin
543 2105 603 2163 hac
628 2101 789 2180 prudentia
820 2101 871 2162 illa
898 2100 1091 2178 inprudentia
1120 2099 1222 2160 decori

220 2199 342 2276 publico
355 2199 443 2260 fuerit
457 2200 689 2262 conuenientior.

262 2298 341 2359 Cum
368 2297 482 2358 facilius
510 2298 655 2376 cuiusque
682 2297 725 2358 rei
751 2297 783 2357 in
811 2318 906 2358 unum
930 2307 1082 2357 contracta
1107 2294 1268 2372 species14

221 2414 312 2471 quam
333 2394 430 2455 diuisa
450 2397 634 2473 temporibus
655 2395 749 2456 oculis
770 2395 937 2472 animisque
957 2394 1117 2466 inhaereat,
1133 2391 1223 2453 statui

178 2522 208 2555 20
222 2493 350 2569 priorem
365 2493 453 2554 huius
467 2494 629 2555 uoluminis
643 2493 898 2572 posterioremque
916 2504 1030 2571 partem
1048 2512 1112 2552 non
1125 2489 1223 2552 inutili

221 2611 319 2650 rerum
333 2590 440 2652 notitia
453 2591 484 2651 in
498 2603 595 2652 artum
606 2603 759 2654 contracta
772 2591 953 2669 distinguere
967 2601 1057 2668 atque
1071 2589 1141 2650 huic
1155 2591 1224 2650 loco

189 2765 191 2770 Ι
222 2689 359 2762 inserere,
388 2709 465 2767 quae
493 2708 615 2768 quoque
638 2701 777 2768 tempore
809 2701 877 2768 post
913 2693 1043 2750 Romam
1078 2708 1096 2747 a
1130 2686 1223 2747 Gallis

223 2798 341 2863 captam
356 2788 486 2848 deducta
508 2789 545 2848 sit
564 2789 683 2850 colonia
705 2788 786 2849 iussu
806 2798 946 2863 senatus;
966 2807 1036 2846 nam
1053 2783 1224 2844 militarium

222 2894 253 2944 et
268 2904 374 2945 causae
388 2896 418 2945 et
432 2897 567 2946 auctores
587 2897 617 2947 et
632 2886 764 2964 ipsarum
783 2887 967 2963 praefulgent
981 2882 1111 2944 nomina
1154 2881 1225 2941 huic

181 3012 208 3060 25
224 2981 266 3041 rei
303 3001 355 3058 per
389 2981 470 3043 idem
509 2995 627 3062 tempus
665 2983 793 3045 ciuitatis
831 2993 1006 3060 propagatas
1044 2991 1226 3056 auctumque

225 3082 398 3139 Romanum
426 3101 538 3142 nomen
566 3081 779 3143 communione
806 3080 877 3140 iuris
904 3082 986 3141 haud
1016 3076 1226 3154 intempestiue

225 3176 388 3237 subtexturi
403 3177 547 3239 uidemur.
591 3189 659 3256 post
673 3190 788 3256 septem
802 3199 898 3239 annos
912 3197 1002 3256 quam
1023 3175 1102 3237 Galli
1120 3175 1225 3235 urbem
1241 3199 1253 3232 a

225 3285 373 3352 ceperant,
403 3275 534 3337 Sutrium
564 3279 695 3338 deducta
726 3275 846 3337 colonia
873 3287 917 3336 est
950 3286 979 3336 et
1011 3285 1080 3352 post
1113 3293 1226 3332 annum

261 3437 271 3468 1
291 3436 337 3483 par
346 3428 400 3469 tum
409 3423 447 3470 A:
456 3439 518 3472 num
527 3427 660 3486 paratum?
710 3439 726 3471 2
738 3423 849 3497 diuersis
858 3423 884 3470 A
896 3439 903 3470 :
915 3421 1010 3470 diuersi
1019 3420 1059 3468 P:
1069 3422 1132 3482 sort.
1143 3415 1226 3468 diuer'-

226 3551 270 3584 sus
282 3536 342 3598 imp.
356 3552 411 3586 mos
425 3545 451 3586 et
468 3539 521 3588 df.
538 3540 623 3588 studia
721 3555 736 3600 4
754 3489 945 3588 aadlrnriianigrtrator
953 3537 981 3586 Α
1085 3533 1226 3596 spraecel-

226 3651 454 3703 lentisAr-teisP
511 3617 598 3704 ΒἙΑ
655 3655 779 3705 11tab.A
843 3656 875 3702 16
891 3651 998 3714 intelligi
1008 3652 1061 3701 ΑΡ
1108 3649 1230 3712 impAP

228 3733 258 3765 21
278 3717 304 3764 in
316 3725 400 3767 artum
412 3718 466 3769 ΑΡ
529 3737 561 3783 23
573 3721 657 3770 iussus
668 3721 694 3769 A
762 3736 794 3781 24
811 3735 888 3768 causa
896 3718 950 3767 ΑΡ
961 3719 1004 3765 ‘ex
1015 3723 1061 3767 uct.
1073 3719 1107 3765 sic
1116 3716 1229 3764 habuisse

228 3780 331 3844 uidetur,
352 3799 446 3848 causae,
468 3787 562 3848 optirdo
578 3785 621 3834 illo
638 3802 687 3850 quo
699 3787 735 3848 fit
751 3785 920 3850 diphthongus
936 3783 1037 3831 abraso'
1055 3783 1139 3830 Burer
1201 3786 1228 3828 et

228 3847 342 3907 ipsarum
419 3851 522 3900 nomina
539 3851 606 3900 AP:
626 3868 660 3900 ex
677 3852 790 3914 ipsarum
806 3849 972 3901 ...nomine
987 3849 1123 3896 Bunnann
1195 3859 1227 3906 25

230 3911 347 3962 ciuitates
363 3913 433 3963 AP:
462 3916 591 3965 ciuitatem
613 3924 779 3986 propagatam
797 3915 898 3979 Lipsius
989 3915 1022 3962 28
1044 3916 1168 3973 ceperunt
1187 3910 1228 3958 P:

230 3987 366 4043 coeperunt
376 3979 412 4044 Α,
426 3996 473 4031 em‚
484 3981 592 4046 Madur'g
649 3981 775 4044 Sutrium]
789 3981 916 4031 Satricum
927 3979 1047 4043 Sigonius
1057 3982 1079 4026 et
1093 3975 1196 4024 Vrsinus

622 4071 745 4120 ,η
