3024 4568
584 405 740 464 VELLEI
764 405 1004 467 PATERCVLI

286 581 345 647 per
366 572 523 633 Caesarem
544 572 590 630 M
615 569 746 648 Lepidus
771 572 936 649 praefectus
961 582 1013 645 est,
1040 570 1085 631 uir
1106 571 1236 633 nominis
1258 593 1295 633 ac

292 670 427 728 fortunae
446 671 570 728 deorum
591 667 750 746 proximus
766 687 857 744 quem
877 667 908 726 in
929 679 1075 745 quantum
1096 668 1222 746 quisque
1243 682 1294 731 aut

293 776 473 841 cognoscere
486 776 537 824 aut
548 764 717 842 intellegere
730 764 836 842 potuit,
848 764 880 824 in
894 776 1010 826 tantum
1019 765 1141 826 miratur
1151 787 1186 827 ac
1198 767 1293 845 diligit

293 875 503 940 tantorumque
511 863 676 936 nominum,
683 863 792 940 quibus
801 875 882 923 ortus
891 875 944 938 est,
955 877 1164 924 ornamentum
1171 865 1290 927 iudicat

233 987 280 1044 115
334 965 444 1025 Caesar
465 965 504 1024 ad
523 965 644 1023 alteram
665 963 735 1023 belli
757 963 916 1024 Delmatici
931 966 1041 1024 molem
1055 964 1190 1025 animum
1203 977 1321 1043 atques

292 1082 374 1123 arma
402 1063 534 1124 contulit.
578 1063 609 1123 in
637 1084 696 1141 qua
723 1064 843 1142 regione
870 1065 951 1142 quali
977 1063 1113 1126 adiutore
1137 1068 1293 1144 legatoque

293 1161 379 1220 fratre
393 1181 462 1221 meo
478 1160 580 1238 Magio
595 1163 699 1222 Celere
713 1161 869 1222 Velleiano
887 1182 958 1222 usus
977 1161 1022 1236 sit,
1038 1161 1129 1240 ipsius
1144 1162 1293 1240 patrisque

292 1259 356 1319 eius
378 1259 598 1337 praedicatione
612 1272 751 1320 testatum
768 1273 814 1321 est
827 1272 857 1321 et
870 1261 1120 1338 amplissimorum
1134 1264 1291 1336 donorum,

293 1358 402 1435 quibus
424 1357 609 1435 triumphans
631 1378 699 1419 eum
724 1362 833 1421 Caesar
860 1358 992 1432 donauit,
1018 1359 1113 1437 signat
1140 1360 1290 1421 memoria

268 1456 379 1517 rinitio
399 1457 517 1518 aestatis
540 1457 672 1536 Lepidus
693 1460 803 1519 educto
824 1457 954 1518 hibernis
975 1457 1104 1519 exercitu
1125 1479 1178 1536 per
1197 1459 1292 1536 gentis
1308 1482 1339 1518 ro

293 1555 420 1633 integras
447 1555 638 1633 inmunisque
664 1558 764 1617 adhuc
792 1558 876 1616 clade
905 1555 975 1616 belli
1002 1568 1032 1616 et
1059 1577 1097 1617 eo
1124 1557 1230 1618 ferocis
1257 1578 1293 1618 ac

293 1654 382 1715 trucis
401 1658 527 1716 tendens
546 1657 585 1716 ad
599 1654 752 1716 Tiberium
772 1655 978 1733 imperatorem
993 1667 1106 1717 etcum
1121 1656 1294 1717 difficultate

293 1757 426 1815 locorum
455 1766 484 1814 et
512 1775 581 1815 cum
609 1753 639 1814 ui
667 1753 799 1815 hostium
826 1757 961 1828 luctatus
985 1775 1093 1833 magna
1117 1776 1186 1815 curn
1209 1758 1293 1817 clade

293 1850 501 1912 obsistentium
529 1851 633 1912 excisis
660 1851 744 1929 agris,
774 1851 882 1912 exustis
912 1851 1063 1925 aedificiis,
1092 1852 1185 1912 caesis
1213 1851 1291 1925 uiris,

293 1953 388 2011 laetus
412 1949 536 2010 uictoria
560 1953 728 2028 praedaque
751 1962 876 2011 onustus
900 1950 1036 2028 peruenit
1059 1953 1099 2012 ad
1124 1953 1290 2024 Caesarem,
1309 1969 1339 2018 15

268 2059 324 2117 3et
345 2048 386 2107 ob
410 2067 452 2120 ea,
479 2067 556 2124 quae
580 2047 605 2106 si
629 2047 753 2125 propriis
777 2047 915 2124 gessisset
938 2047 1085 2125 auspiciis,
1111 2048 1292 2125 triumphare

293 2146 445 2218 debuerat,
456 2146 636 2206 ornamentis
645 2145 871 2223 triumphalibus
883 2146 1087 2207 consentiente
1102 2167 1170 2206 cum
1182 2145 1292 2207 iudicio

265 2244 460 2324 ,principum
489 2246 643 2303 uoluntate
670 2256 790 2304 senatus
812 2265 827 2299 n
850 2265 865 2299 a
887 2256 939 2304 est
983 2243 1034 2304 illa
1051 2256 1147 2304 aestas
1172 2243 1292 2304 maximi

293 2342 364 2403 belli
378 2341 597 2403 consummauit
614 2344 753 2402 effectus:
787 2341 898 2419 quippe
919 2346 1059 2403 Perustae
1080 2354 1110 2404 et
1132 2342 1290 2403 Desitiates

294 2442 458 2514 Delmatae,
485 2439 541 2499 situ
564 2441 698 2500 locomm
720 2459 755 2498 ac
780 2439 936 2513 montium,
958 2439 1144 2518 ingeniorum
1172 2439 1288 2512 ferocia,
1306 2463 1338 2498 ιο

293 2541 366 2602 mira
380 2542 469 2602 etiarn
483 2541 636 2619 pugnandi
650 2541 773 2602 scientia
787 2552 816 2601 et
835 2541 992 2619 praecipue
1006 2541 1148 2620 angustiis
1162 2544 1289 2602 saltuum

293 2660 389 2718 paene
411 2639 662 2717 inexpugnabiles,
685 2660 747 2700 non
770 2639 828 2699 iam
851 2641 952 2713 ductu,
969 2642 1022 2700 sed
1044 2639 1182 2700 manibus
1203 2652 1293 2716 atque
1375 2643 1378 2646 ’

293 2737 381 2799 annis
402 2736 494 2816 ipsius
516 2737 650 2800 Caesaris
671 2748 734 2798 tum
756 2740 877 2799 demum
900 2737 997 2816 pacati
1014 2750 1091 2811 sunt,
1108 2759 1176 2798 cum
1198 2757 1292 2816 paene

266 2837 426 2912 5sunditus
451 2836 546 2896 euersi
568 2839 671 2897 forent
715 2836 789 2896 nihil
813 2835 844 2896 in
866 2839 925 2897 hoc
947 2847 1030 2896 tanto
1053 2837 1141 2910 bello,
1163 2835 1237 2895 nihil
1261 2836 1292 2895 in

328 2992 498 3054 rperaddrilr'
550 2993 584 3040 M.
599 2993 654 3042 ada
669 2992 752 3041 Burer
805 2991 906 3055 pres.A
958 2991 1054 3039 nomini
1066 2991 1196 3039 Acidalius
1277 3008 1292 3039 a

293 3060 399 3107 deorum
411 3057 537 3107 Laurent:
555 3074 644 3106 eorum
656 3058 724 3107 AP:
757 3059 896 3107 Caesarum
908 3055 1015 3120 Scheffer
1100 3073 1159 3105 max
1170 3057 1223 3118 del,
1237 3056 1292 3106 dein

292 3125 424 3186 proximus
436 3123 462 3170 A
477 3124 530 3180 (sic)
630 3139 645 3184 3
663 3124 812 3184 intellegere
823 3123 865 3174 A:
884 3123 992 3184 intellig.
1006 3121 1032 3169 P
1136 3138 1151 3183 5
1170 3122 1253 3172 Dalm.
1264 3121 1290 3169 A

293 3205 307 3250 7
324 3189 457 3238 Velleiano
477 3188 604 3237 Gelenius:
622 3189 675 3237 Ulli
688 3190 742 3246 (ulli
754 3189 792 3250 P)
806 3191 873 3237 ssano
884 3187 949 3236 AP:
970 3188 1079 3236 Ulillano
1091 3187 1174 3234 Bunr
1275 3190 1291 3236 8

291 3257 419 3303 denffl
430 3256 555 3303 honorum
566 3252 593 3300 A
608 3255 660 3318 (sic)
670 3271 675 3304 :
694 3256 819 3304 honorum
830 3253 856 3301 P
954 3269 985 3303 10
1002 3254 1132 3314 pergentis
1143 3254 1169 3300 in
1184 3254 1244 3315 (om.
1257 3252 1292 3310 Ρ)

293 3321 406 3381 integras
420 3321 564 3384 (integritas
575 3319 611 3383 B)
623 3319 701 3366 APB
779 3335 806 3368 11
826 3329 976 3380 lmunesque
988 3318 1029 3367 B:
1052 3320 1230 3379 immunesque
1240 3317 1295 3366 ΑΡ

292 3386 584 3434 ierocesactrucesAP
650 3401 679 3446 14
692 3385 788 3435 ediiA
860 3384 1050 3446 16auspitiisA
1120 3383 1290 3445 17iuditioA

295 3453 325 3499 18
336 3451 510 3514 suppleuemnt
518 3457 623 3499 ornatus
632 3449 660 3499 G.
668 3450 704 3500 A.
712 3450 789 3508 Koch,
798 3451 824 3498 in
833 3467 911 3512 quam
919 3445 1055 3512 παρήχὴσιν
1063 3455 1086 3496 et
1094 3451 1143 3513 ipse
1151 3449 1290 3509 rna'dmm,

292 3517 321 3577 cfi
333 3517 472 3564 honoribus
484 3517 636 3565 honoratum
650 3531 705 3577 124.
717 3531 750 3576 3:
767 3517 875 3564 donatus
887 3515 1040 3563 Rhenanus:
1059 3515 1200 3563 honoratus
1217 3513 1294 3561 Hml

288 3583 408 3644 probante
423 3580 512 3630 Nova'k
638 3589 707 3629 estas
724 3581 825 3629 maximi
845 3581 959 3642 (maximi
970 3580 1083 3642 Fechter)
1186 3594 1216 3640 19
1233 3594 1291 3626 con·

293 3647 404 3695 sumauit
414 3646 441 3692 A
557 3647 661 3709 perusia
677 3647 839 3695 aedesitiales
855 3647 900 3696 A:
924 3646 1031 3694 Perusia
1049 3647 1114 3694 aede
1132 3645 1234 3693 siciales
1251 3643 1292 3691 P:

295 3712 419 3761 Perustae
437 3711 498 3760 Voss
563 3712 706 3761 Desitiates
724 3710 852 3761 Gelenius:
875 3718 901 3760 et
916 3713 1027 3774 uulg.ac
1043 3709 1104 3759 Voss
1113 3710 1183 3773 prob.
1196 3709 1293 3758 Kritmo

293 3794 327 3827 ao
343 3778 478 3827 Delmatae
488 3777 527 3827 B:
546 3777 678 3827 Dalmatae
689 3777 743 3825 AP
838 3792 868 3825 ar
887 3777 980 3826 saltum
992 3792 1060 3839 pene
1070 3776 1096 3823 A

773 3895 820 3946 126
