3024 4568
527 456 873 518 COMMENTARIVS
895 456 1093 516 CRITICVS

311 625 321 692 (
322 624 465 698 facinore)
478 627 505 679 h.
515 643 538 679 e
552 632 665 695 propter
676 624 730 678 hoc
743 622 856 692 lacinuS,
871 623 929 678 siue
942 623 1065 679 admisso
1078 625 1131 678 hoc
1144 621 1274 677 facinore.

347 780 414 832 922
434 773 493 818 tum
513 762 624 819 Sentius
641 711 731 817 sorte&
747 762 822 816 solus
838 772 866 816 et
883 762 1000 817 absente
1014 764 1135 818 Caesare
1155 749 1228 817 C'O‘S
1247 779 1312 817 cum

310 851 366 905 alia
385 850 476 921 prisca
500 851 648 905 seueritate
674 867 838 920 summaque
863 849 1021 905 constantia
1045 861 1139 905 uetere
1164 852 1310 906 consulum

311 956 387 993 more
406 940 438 992 as
449 938 522 1007 (del.)
537 956 569 992 ac
583 937 729 993 seueritate
741 937 880 1006 gessisset.
892 938 930 992 A.

348 1025 439 1079 Nimis
458 1025 572 1080 offendit
594 1024 667 1079 auris
689 1023 836 1094 repetitum
856 1023 921 1078 illud
940 1028 1095 1079 seuen'tate.
1132 1027 1195 1080 Nec
1216 1035 1311 1080 tamen

311 1111 483 1182 Wopkensio
501 1112 644 1167 adsentior
655 1113 741 1167 uerba
756 1118 847 1165 uetere
865 1113 1009 1166 cumulum
1027 1131 1148 1166 marcac
1164 1116 1313 1168 seueritate

311 1199 535 1255 antecedentium
548 1203 644 1270 praeca
655 1188 804 1254 seueritate
819 1217 841 1253 s.
854 1217 876 1253 c.
889 1217 972 1268 posse
984 1201 1107 1268 glossam
1124 1199 1212 1254 uideri
1222 1217 1313 1270 neque

312 1287 339 1342 in
352 1287 547 1342 emendatione
560 1287 620 1341 eius
627 1289 842 1357 perseuerantia
855 1287 898 1340 uel
912 1289 1061 1357 grauitate
1073 1287 1230 1357 adquiesco.
1267 1290 1313 1340 Ex

311 1374 351 1429 eis
376 1393 447 1444 quae
472 1383 565 1428 extant
590 1373 617 1427 in
641 1374 669 1428 Α
697 1372 774 1428 elicio
798 1379 882 1441 atque
905 1375 1064 1442 asperitate,
1086 1373 1163 1428 cuius
1186 1374 1313 1428 uocabuli

312 1461 431 1530 uestigia
443 1471 590 1534 supersunt
603 1460 630 1514 in
648 1477 729 1514 eraso
746 1460 785 1529 as.
823 1459 905 1529 Quod
918 1462 960 1528 89.
974 1475 991 1527 4
1003 1467 1118 1515 senatus
1133 1464 1195 1515 sine
1206 1465 1313 1533 aspen'·

311 1556 369 1604 tate
381 1567 429 1602 nec
446 1552 506 1602 sine
523 1551 671 1602 seueritate
688 1549 774 1602 lectus
792 1546 898 1613 dicitur,
912 1565 968 1601 non
988 1547 1090 1603 idcirco
1107 1549 1249 1619 asperitati
1268 1549 1313 1604 hic

313 1638 389 1690 locus
409 1645 535 1689 nonest:
561 1634 707 1705 utrubique
723 1643 766 1687 est
782 1635 915 1688 seueritas
933 1636 1004 1690 ultra
1020 1637 1143 1704 modum,
1161 1653 1212 1690 nec
1226 1637 1314 1691 solitis

313 1725 440 1780 restricta
456 1725 580 1794 legibus:
610 1725 847 1795 quemadmodum
867 1723 941 1779 idem
959 1726 1083 1780 Velleius
1102 1731 1230 1797 asperum
1251 1745 1314 1782 cen·

312 1832 409 1867 suram
422 1813 490 1867 dixit
504 1811 521 1866 i.
536 1828 576 1867 10.
589 1814 614 1867 6.

350 1917 390 1970 94
403 1916 420 1967 4
432 1899 588 1970 praecipuis
601 1899 730 1953 omnibus
745 1898 878 1966 (omnium
888 1901 925 1965 P)
937 1899 1069 1955 uirtutum
1079 1900 1275 1971 experimentis
1287 1901 1313 1957 in

313 2005 346 2042 eo
366 1993 510 2044 †tractatu
523 1986 603 2042 editis
621 2005 684 2041 cum
701 1986 854 2056 legionibus
874 1985 1015 2056 ingressus
1027 1987 1188 2042 Armeniam
1201 1990 1314 2044 redacta

313 2094 347 2130 ea
361 2075 388 2128 in
402 2085 568 2145 potestatem
583 2077 613 2129 P.
626 2077 660 2129 R.
673 2092 789 2143 regnum
807 2075 866 2128 eius
879 2075 1011 2129 Artauzdi
1024 2076 1109 2130 dedit.
1145 2076 1249 2132 †cuius
1265 2095 1314 2131 rex

314 2180 423 2233 quoque
441 2164 605 2217 Parthorum
624 2161 695 2216 tanti
713 2161 833 2215 nominis
852 2162 928 2217 fama
946 2161 1054 2217 territus
1072 2163 1172 2217 liberos
1190 2180 1255 2218 suos
1276 2164 1313 2217 ad

316 2252 465 2304 Caesarem
478 2248 551 2303 misit
564 2247 685 2303 obsides.
698 2250 736 2302 A.

351 2339 404 2390 Pro
414 2339 493 2390 cuim
504 2336 688 2390 Ruhnkenius
699 2336 837 2391 scribebat
847 2340 924 2406 quin,
934 2338 1009 2407 quod
1018 2350 1182 2408 receperunt
1195 2339 1313 2394 Kritzius

314 2434 341 2478 et
357 2423 493 2477 Halmius.
532 2423 668 2478 Inutiliter
686 2423 716 2477 id
735 2424 865 2493 quidem:
885 2427 964 2478 cuius
976 2423 1050 2478 enim
1069 2426 1163 2480 multis
1181 2426 1315 2482 similibus

314 2511 452 2565 adseritur
469 2509 602 2580 exemplis
622 2528 678 2564 non
699 2510 836 2565 Paterculi
855 2521 972 2578 tantum,
992 2512 1042 2565 sed
1061 2513 1259 2582 complurium:
1280 2515 1314 2569 cl.

314 2600 459 2669 Wopkens
474 2599 506 2652 ‘in
526 2599 596 2652 Tull.
614 2600 688 2652 Lect.
703 2597 728 2650 ii.
744 2614 792 2666 133
819 2598 906 2652 Halm
925 2599 962 2652 ad
982 2599 1089 2655 Minue.
1108 2602 1208 2655 Octau.
1227 2603 1269 2668 36.
1290 2615 1314 2671 5.

315 2691 367 2743 Est
380 2687 453 2742 enim
472 2694 556 2756 atque
569 2689 629 2740 eius
647 2705 685 2742 sc.
703 2686 812 2742 Tiberi:
835 2704 891 2741 non
910 2697 985 2741 recte
1005 2688 1141 2743 Heinsius
1159 2706 1223 2743 cum
1241 2693 1318 2743 tanti

314 2779 437 2832 nominis
448 2777 643 2845 coniungebat.

354 2867 488 2920 Tractatu
508 2882 580 2918 unus
601 2864 718 2919 Kritzius
738 2863 859 2918 seruauit
878 2873 1021 2933 tamquam
1046 2875 1118 2919 esset
1143 2865 1170 2919 in
1191 2865 1250 2920 eius
1274 2868 1314 2920 rei

314 2953 488 3007 tractatione.
527 2953 583 3007 Sed
602 2971 657 3006 non
671 2952 768 3006 dubito
787 2963 861 3006 recte
874 2952 1021 3006 Gelenium
1040 2971 1132 3007 errore
1149 2953 1177 3008 id
1193 2953 1314 3024 positum

315 3042 446 3096 habuisse
460 3047 623 3112 protractu.
661 3041 750 3097 Simili
764 3059 854 3096 errore
867 3041 1063 3112 palimpsestus
1077 3044 1160 3097 habet
1176 3050 1316 3097 tractatus

314 3131 468 3199 ductusque
479 3133 631 3184 muricum
645 3131 758 3184 deberet
771 3136 886 3195 tractus,
901 3129 958 3184 Cic.
971 3131 1007 3183 de
1020 3131 1089 3200 Rep.
1104 3131 1131 3184 ii.
1145 3131 1169 3184 6.
1186 3146 1224 3185 11.

351 3233 434 3285 1033
454 3218 545 3288 itaque
570 3219 645 3285 quod
671 3228 733 3287 post
758 3219 789 3271 L.
814 3228 931 3271 mortem
958 3218 1050 3271 adhuc
1080 3219 1111 3272 C.
1134 3219 1198 3272 uiuo
1222 3219 1314 3273 facere

315 3307 439 3360 uoluerat
452 3322 524 3376 quae
539 3323 572 3359 eo
587 3307 767 3360 uehementer
783 3315 957 3375 repugnante
977 3307 1091 3360 Nerone
1107 3316 1167 3360 erat
1180 3307 1315 3362 inhibitus

315 3403 379 3463 post
392 3392 533 3463 utriusque
546 3394 756 3448 adulescentum
769 3393 877 3446 obitum
889 3393 982 3447 facere
995 3394 1192 3463 perseuerauit.
1205 3395 1243 3449 Α.

350 3481 474 3535 uoluerat
494 3490 577 3550 atque
596 3482 776 3534 uehementer
788 3482 821 3533 P.
895 3483 982 3534 Burer
1000 3481 1070 3535 haec
1083 3481 1245 3536 adnotauit:
1267 3483 1315 3537 ‘ex

315 3565 440 3635 uestigiis
453 3566 554 3622 uetusti
567 3567 671 3621 codicis
683 3568 836 3637 apparebat
848 3584 899 3636 pro
911 3577 1003 3636 atque,
1017 3585 1106 3637 eoque
1124 3567 1182 3622 siue
1194 3585 1227 3622 eo
1239 3570 1314 3638 quod

318 3653 470 3722 scriptum:
489 3671 555 3709 nam
566 3654 683 3723 uestigia
699 3654 841 3707 literarum
861 3654 907 3707 uix
916 3665 1043 3722 poterant
1056 3653 1144 3709 uideri
1157 3673 1224 3725 prae
1236 3666 1314 3710 uetu-

314 3742 401 3794 state?

350 3830 420 3883 Tres
432 3827 478 3882 hic
491 3838 575 3884 testes
589 3829 725 3883 habemus
739 3828 809 3884 inter
822 3847 851 3884 se
864 3829 1024 3898 contrarioS,
1034 3847 1101 3884 nam
1111 3828 1313 3885 Amerbachius

793 3969 840 4019 174
