3024 4568
410 444 456 501 IN
478 443 699 501 VELLEIVM
722 442 1011 502 PATERCVLVM

244 609 291 664 Lis
308 609 379 664 inter
392 611 462 665 duos
479 621 567 666 testes
584 613 655 665 haec
672 613 760 665 altera
779 610 862 680 priori
882 609 988 664 similis.
1025 610 1213 664 Amerbachio

206 697 336 767 equidem
349 716 403 752 non
418 716 514 753 uereor
532 699 674 753 accedere.
713 697 848 768 Quamuis
862 698 936 751 enim
956 703 1099 766 noctesque
1113 704 1141 751 et
1155 700 1214 753 de'es

206 785 249 839 bis
259 785 405 839 Terentius
414 785 512 839 dixerit
520 787 594 840 And.
606 785 641 839 iv.
654 802 675 840 1.
687 798 700 854 5
704 801 727 854 3,
739 788 810 840 Eun.
822 804 847 839 v.
856 801 880 852 9.
891 800 934 853 49,
945 791 1090 853 noctesque
1101 787 1213 854 diesque

207 873 292 926 semel
303 873 441 927 Horatius
450 875 477 927 S.
488 872 505 926 i.
520 889 541 927 1.
552 875 595 940 76,
607 874 785 942 eundemque
798 871 924 926 ordinem
937 873 1096 942 frequenter
1106 872 1214 939 Cicem,

205 969 276 1014 teste
294 961 444 1026 Mergueto
457 959 484 1013 in
505 959 614 1024 Lexic0,
629 970 740 1013 secutus
759 959 794 1014 sit
808 958 898 1028 (Verr.
912 962 975 1013 Act.
987 959 1003 1012 i.
1016 972 1058 1028 52,
1071 961 1134 1014 Act.
1149 958 1175 1012 ii.
1188 972 1212 1028 5.

208 1061 274 1113 1123
295 1048 330 1100 de
351 1048 428 1101 Orat.
449 1047 465 1100 i.
483 1048 551 1112 2603
572 1048 649 1100 Brut.
670 1049 738 1114 3083
762 1048 787 1100 T
791 1063 847 1099 use.
865 1065 891 1099 v.
909 1059 960 1113 703
987 1046 1048 1099 Fin.
1063 1045 1079 1099 i.
1095 1046 1139 1114 51)
1160 1064 1213 1100 nec

205 1134 331 1188 dubitem
344 1134 429 1187 etiam
442 1133 507 1187 alibi
528 1133 688 1187 inuenturos
706 1151 768 1187 esse
787 1133 835 1202 qui
854 1134 908 1186 hoc
928 1132 1026 1186 sectati
1045 1133 1163 1186 suerint:
1184 1143 1213 1186 at

206 1222 285 1275 illurn
299 1221 440 1275 inuersum
453 1220 580 1274 ordinem
593 1221 652 1273 dies
666 1226 817 1288 noctesque,
830 1219 888 1272 dies
900 1225 926 1272 et
938 1226 1038 1288 noctes,
1052 1237 1108 1272 non
1122 1220 1213 1273 solum

208 1309 306 1363 Cicero
325 1308 435 1361 uidetur
454 1306 627 1377 praetulisse,
641 1325 706 1361 nam
725 1306 814 1360 sexies
834 1307 927 1360 decies
944 1307 984 1360 sic
1003 1306 1112 1376 repperi
1128 1308 1211 1360 Rosc.

207 1399 271 1450 Am.
289 1395 322 1461 63
350 1396 410 1448 Clu.
433 1409 489 1463 190,
512 1407 569 1463 195,
592 1395 656 1461 1983
678 1395 713 1448 de
730 1395 746 1446 l.
764 1411 853 1461 agrar.
871 1394 898 1447 ii.
911 1394 946 1448 68
959 1405 986 1448 et
999 1406 1050 1460 77;
1072 1395 1145 1447 Mur.
1159 1394 1212 1459 78;

205 1500 258 1552 pro
281 1483 355 1536 dom.
375 1497 426 1550 303
448 1482 541 1536 Vatin.
561 1482 611 1547 263
633 1481 727 1534 Deiot.
750 1483 800 1548 383
828 1483 917 1535 Marc.
936 1495 987 1547 223
1010 1481 1078 1533 Phil.
1097 1480 1124 1534 ii.
1145 1480 1212 1548 1163

206 1569 243 1623 vi.
260 1582 308 1636 173
328 1588 352 1622 x.
367 1584 416 1636 20;
436 1568 488 1622 xiV.
503 1584 554 1636 ²03
574 1571 631 1622 Att.
641 1569 687 1622 xii.
697 1569 750 1634 463
769 1585 864 1621 uerum
877 1568 964 1622 etiam
977 1568 1115 1636 praetulit,
1126 1584 1211 1636 quan·

206 1666 266 1710 tum
286 1656 354 1722 scio,
376 1666 535 1710 constanter
558 1657 663 1709 Caesar
683 1657 714 1708 Β.
729 1657 761 1709 G.
776 1655 822 1708 vii.
836 1669 870 1720 42
887 1665 915 1709 et
932 1668 975 1722 77,
997 1657 1029 1708 Β.
1048 1656 1078 1708 C.
1097 1654 1114 1708 i.
1127 1656 1171 1719 62,
1184 1665 1212 1708 et

207 1744 355 1813 scriptores
381 1743 509 1797 Caesaris
534 1743 670 1796 bellorum
693 1744 738 1796 Af.
758 1744 801 1810 26,
823 1742 904 1811 Hisp.
926 1745 959 1811 38
973 1761 980 1807 3
1011 1742 1111 1811 quibus
1135 1742 1210 1796 adde

207 1831 371 1885 Sallustium
383 1831 416 1884 sr.
431 1830 506 1884 Hist.
518 1830 544 1883 ii.
559 1832 610 1898 89;
630 1831 666 1884 iv,
681 1844 715 1898 34
729 1830 965 1884 Maurenbrecher
979 1828 1040 1888 (diu
1053 1828 1210 1897 noctuque),

208 1921 268 1972 Cat.
282 1932 315 1985 27
329 1919 388 1971 dies
400 1924 542 1986 noctesque
545 1918 696 1987 festinare.

243 2021 310 2074 422
329 2015 473 2059 contracta
492 2007 579 2058 classe
599 2015 626 2058 et
646 2004 769 2073 priuatus
788 2013 815 2058 et
838 2003 1017 2057 tumultuaria
1036 2003 1162 2057 inuectus
1183 2003 1211 2056 in

205 2111 269 2148 eum
282 2095 373 2147 locum
388 2093 435 2146 ubi
450 2092 530 2161 (carr.
545 2093 573 2145 in
587 2092 652 2161 quo)
668 2092 720 2161 ipsi
734 2093 890 2161 praedones
901 2103 979 2145 erant
993 2102 1101 2161 partem
1112 2091 1210 2145 classis

203 2180 312 2249 fugauit
325 2191 432 2250 partem
445 2179 549 2233 mersit.
562 2180 600 2232 A.

241 2267 373 2338 priuatim
386 2270 454 2320 cani.
475 2267 609 2320 Cluilius:
631 2265 740 2335 priuata
756 2265 973 2334 Oudendorpins
1044 2274 1071 2318 et
1085 2264 1210 2333 priuatus

205 2366 232 2410 et
252 2355 429 2410 tumultuaria
448 2363 591 2408 contracta
610 2354 699 2407 classe
720 2351 770 2421 (sic
788 2352 889 2423 potius,
909 2369 965 2405 non
985 2362 1014 2405 ut
1032 2350 1097 2405 dedi
1122 2369 1150 2420 p.
1162 2349 1209 2419 61)

206 2445 327 2496 Scriner.
401 2442 497 2511 inquo
513 2443 547 2494 P.

242 2531 307 2583 Non
315 2539 358 2583 est
368 2545 417 2581 cur
417 2530 561 2596 priuatim
572 2528 617 2581 uel
622 2529 744 2597 priuata
754 2526 891 2579 scribatur
901 2543 907 2578 ι
928 2524 1117 2578 nominatiuus
1128 2542 1209 2579 suurn

204 2617 297 2670 locum
316 2616 410 2682 habet,
430 2615 600 2684 referturque
625 2615 661 2667 ad
687 2612 851 2679 subiectum,
872 2613 946 2680 quod
966 2621 1076 2678 uocant,
1097 2623 1210 2665 senten·

204 2704 277 2759 tiae:
298 2706 450 2759 Contracta
469 2703 566 2768 classe,
581 2701 710 2771 quamuis
729 2711 757 2754 et
773 2700 898 2768 priuatus
913 2699 958 2768 (ea
977 2699 1163 2768 inueheretur)
1182 2712 1209 2754 et

204 2791 381 2846 tumultuarie
394 2789 559 2859 conscripta,
573 2789 697 2842 inuectus
711 2827 718 2840 .
732 2828 738 2841 .
753 2827 759 2840 .
771 2787 886 2854 fugauit.

241 2895 279 2946 42
292 2894 308 2946 3
328 2878 355 2930 in
381 2877 542 2946 Bythiniam
570 2875 689 2945 perrexit
717 2875 753 2928 ad
781 2876 976 2943 proconsulem
1006 2874 1117 2928 lunium
1146 2892 1208 2929 cum

204 2964 281 3018 idem
309 2965 384 3019 enim
411 2964 511 3018 Asiam
543 2981 606 3016 earn
637 2980 721 3032 quarn
753 2961 897 3015 obtinebat
927 2972 1025 3032 petens
1054 2973 1083 3017 ut
1113 2974 1209 3017 auctor

206 3053 282 3106 fieret
298 3051 427 3105 sumendi
447 3051 482 3104 de
502 3050 621 3120 captiuis
640 3049 772 3119 supplitii.
786 3050 824 3102 Α.

241 3139 316 3193 Satis
335 3138 483 3192 commode
503 3147 565 3206 post
586 3136 710 3206 Lipsium
729 3153 844 3205 eamque
865 3136 1059 3204 corrigentem,
1079 3146 1106 3190 et
1128 3154 1208 3205 egre-

204 3225 279 3293 giam
309 3225 529 3295 disputationem
560 3223 723 3294 Nipperdeii
757 3223 862 3293 (opusc.
884 3241 911 3292 p.
935 3225 987 3291 326
1009 3233 1036 3277 et
1058 3222 1131 3291 448),
1152 3242 1208 3294 qua

206 3314 323 3366 Iuniana
336 3331 397 3366 eum
417 3330 499 3366 exeo
518 3311 665 3381 explicauit
683 3312 759 3380 quod
770 3312 877 3364 Iuncus
894 3310 984 3378 potius
1005 3327 1089 3380 quam
1102 3312 1208 3366 Iunius

205 3400 360 3468 appellatus
369 3399 404 3453 sit
414 3401 436 3453 is
447 3399 493 3469 qui
504 3416 555 3468 pro
568 3400 681 3452 consule
696 3407 754 3451 tum
770 3397 929 3465 Bithyniam
943 3398 1063 3462 tenebat,
1074 3399 1152 3452 locus
1166 3398 1206 3454 sic

206 3486 374 3556 expedietur,
385 3487 473 3556 qualis
484 3486 511 3539 in
522 3487 673 3554 archetypo
683 3485 771 3554 potuit
782 3502 853 3550 esse,
864 3487 895 3537 in
904 3485 1069 3554 Bithyniam
1077 3489 1210 3554 perrexit

544 3585 593 3612 cum

205 3625 246 3676 ad
252 3625 448 3693 proconsulem
467 3625 585 3676 Iunium
603 3623 686 3689 (idem
705 3625 779 3675 enim
798 3624 901 3675 Asiam
922 3638 1036 3689 eamque
1057 3623 1204 3691 obtinebat)

200 3713 304 3778 petens,
330 3711 380 3763 dcc.
426 3710 554 3763 Eandem
574 3709 775 3762 dubitationem
794 3719 907 3762 mouent
931 3707 1068 3761 Plutarchi
1094 3709 1204 3765 codices

205 3797 233 3850 in
255 3797 312 3851 uita
332 3797 459 3850 Caesaris
477 3814 499 3850 c.
514 3811 537 3863 2,
552 3813 617 3848 nam
631 3795 750 3865 Ἰουγκον
770 3795 807 3848 ibi
828 3794 962 3863 scriptum
987 3805 1038 3847 est.
1076 3798 1205 3865 Eamque

204 3884 326 3938 Velleius
339 3883 528 3952 neglegentius
541 3883 642 3954 posuit,
655 3884 875 3952 Bithyniamque
887 3881 1061 3950 significauit.

685 3998 730 4047 ¹59
