2996 4520
590 390 745 452 VELLEI
767 393 1007 454 PATERCVLI
1099 393 1102 400 ’

270 578 361 637 squo
390 562 511 621 decreto
538 580 634 638 paene
663 560 753 621 totius
780 572 922 621 terrarum
951 560 1030 622 orbis
1057 559 1214 639 imperium
1244 561 1297 623 uni

299 657 363 718 uiro
385 658 589 732 deferebatur,
616 660 670 718 sed
690 669 791 718 tamen
814 657 895 719 idem
918 660 976 718 hoc
996 670 1066 718 ante
1088 659 1242 720 biennium
1264 661 1295 720 in

268 774 283 817 4
301 757 343 814 M.
360 755 474 815 Antoni
488 767 624 833 praetura
642 758 795 816 decretum
814 767 883 816 erat.
927 758 980 816 sed
1001 756 1150 816 interdum
1169 777 1296 834 persona

299 862 331 912 ut
351 855 488 930 exemplo
503 865 599 927 nocet,
616 853 656 913 ita
670 853 815 913 inuidiam
829 865 917 931 auget
931 865 982 914 aut
996 856 1093 914 leuat:
1116 854 1146 913 in
1161 855 1295 916 Antonio

298 949 434 1010 homines
459 970 556 1027 aequo
584 950 685 1010 animo
709 950 788 1027 passi
813 962 895 1010 erant
905 973 914 1024 3
948 971 1013 1010 raro
1041 951 1121 1011 enim
1146 950 1324 1024 inuideturs

298 1067 400 1106 eorum
433 1047 604 1120 honoribus,
635 1068 762 1124 quorum
792 1047 837 1108 uis
869 1068 931 1107 non
962 1047 1097 1108 timetur:
1132 1061 1236 1108 contra
1263 1049 1295 1109 in

297 1143 333 1203 iis
349 1144 486 1204 homines
506 1145 734 1205 extraordinaria
754 1143 954 1218 reformidant,
970 1145 1021 1222 qui
1043 1166 1078 1205 ea
1099 1167 1153 1206 suo
1174 1146 1295 1207 arbitrio

296 1253 346 1301 aut
368 1241 530 1318 deposituri
551 1254 602 1302 aut
622 1241 763 1302 retenturi
784 1241 923 1302 uidentur
944 1253 973 1301 et
992 1244 1116 1302 modum
1138 1243 1168 1302 in
1190 1245 1294 1303 uolun-

295 1352 355 1400 tate
374 1341 493 1400 habent.
537 1339 750 1401 dissuadebant
771 1339 936 1417 optimates
959 1341 1013 1399 sed
1034 1339 1158 1400 consilia
1178 1340 1291 1418 impetu

295 1437 374 1497 uicta
388 1449 464 1498 sunt.

243 1539 281 1594 32
336 1537 435 1615 Digna
455 1549 499 1597 est
520 1536 663 1597 memoria
685 1538 721 1612 Q.
739 1536 838 1598 Catuli
858 1556 927 1596 cum
948 1535 1106 1601 auctoritas
1127 1547 1191 1596 tum
1212 1556 1292 1596 uere-

294 1635 410 1695 cundia
454 1635 506 1713 qui
530 1655 599 1695 cum
625 1634 800 1695 dissuadens
827 1636 923 1712 legem
950 1633 981 1693 in
1006 1633 1147 1694 contione
1171 1633 1292 1694 dixisset

293 1753 358 1793 esse
372 1733 494 1810 quidem
509 1735 691 1810 praeclarum
706 1732 803 1792 uirum
818 1734 873 1794 Cn.
891 1731 1076 1808 Pompeium,
1092 1733 1146 1791 sed
1164 1731 1290 1791 nimium

293 1831 352 1890 iam
367 1830 476 1891 liberae
486 1831 549 1891 fieri
563 1831 605 1891 rei
618 1831 756 1908 publicae
771 1850 868 1907 neque
882 1829 984 1890 omnia
996 1829 1028 1888 in
1043 1850 1104 1889 uno
1118 1831 1291 1906 reponenda

292 1927 526 2005 adiecissetque:
549 1929 678 2006 ‘siquid
697 1929 767 1988 huic
784 1927 931 2001 acciderit,
948 1947 1038 2005 quem
1056 1927 1087 1986 in
1107 1926 1170 1987 eius
1189 1929 1288 1987 locum
1307 1943 1335 1992 15

293 2027 506 2088 substituitis?'
531 2029 724 2088 succlamauit
749 2028 886 2088 uniuersa
910 2026 1019 2100 contio,
1046 2039 1084 2100 te,
1109 2028 1146 2102 Q.
1174 2028 1287 2088 Catule.

292 2137 355 2185 tum
369 2125 419 2186 ille
434 2126 530 2186 uictus
545 2146 693 2186 consensu
708 2127 842 2186 omnium
858 2141 886 2186 et
900 2138 962 2185 tam
981 2126 1146 2186 honorifico
1163 2125 1290 2186 ciuitatis

265 2241 276 2273 2
291 2224 462 2284 testimonio
477 2245 493 2284 e
511 2225 650 2285 contione
665 2224 807 2285 discessit.
851 2224 900 2284 hic
919 2224 1048 2284 hominis
1068 2224 1287 2297 uerecundiam,

290 2321 393 2398 populi
418 2321 559 2381 iustitiam
583 2321 681 2381 mirari
705 2321 785 2395 libet,
809 2321 905 2395 huius,
930 2323 1012 2398 quod
1036 2342 1098 2381 non
1121 2323 1197 2381 ultra
1221 2341 1289 2381 con-

290 2419 394 2492 tendit,
410 2419 513 2497 plebis‚
530 2421 612 2497 quod
627 2419 849 2480 dissuadentem
864 2431 893 2480 et
907 2419 1108 2480 aduersarium
1125 2419 1286 2479 uoluntatis
1305 2447 1334 2481 ro

263 2532 360 2578 3suae
382 2517 478 2577 uirum
500 2516 670 2577 testimonio
691 2519 826 2578 fraudare
848 2517 950 2578 noluit.
994 2537 1046 2594 per
1067 2516 1148 2577 idem
1169 2528 1287 2593 tempus

290 2616 379 2675 Cotta
388 2613 540 2675 iudicandi
549 2635 666 2688 munus,
679 2616 761 2693 quod
773 2617 806 2678 C.
819 2617 971 2676 Gracchus
980 2626 1114 2692 ereptum
1126 2613 1241 2674 senatui
1250 2615 1289 2673 ad

289 2711 412 2788 equites,
428 2713 510 2771 Sulla
526 2712 565 2771 ab
582 2711 638 2772 illis
657 2714 697 2772 ad
716 2724 852 2773 senatum
870 2714 1064 2785 transtulerat,
1080 2711 1242 2788 aequaliter
1256 2711 1287 2770 in

288 2820 446 2887 utrumque
475 2809 610 2869 ordinem
638 2809 761 2886 partitus
786 2821 830 2871 est
840 2832 849 2885 3
890 2810 972 2870 Otho
996 2808 1124 2868 Roscius
1147 2810 1212 2886 lege
1234 2829 1288 2868 sua

322 2981 332 3012 1
352 2982 417 3027 quos
440 2954 461 3013 C
484 2965 526 3014 A:
555 2981 606 3026 quo
630 2973 735 3014 senatus
755 2967 830 3014 COS.
850 2964 889 3014 P:
918 2978 968 3025 quo
989 2965 1092 3013 decreto
1111 2965 1211 3026 scn'pse':
1236 2979 1287 3025 quo

286 3031 452 3094 scitoSchegk
504 3030 607 3092 peneA
661 3033 733 3080 orbis
747 3039 873 3079 terrarum
885 3029 990 3078 orbisA
1091 3044 1107 3075 a
1124 3030 1287 3090 septennium

287 3097 385 3145 Krause
476 3097 605 3156 3Antoni
616 3095 671 3142 ΑΡ
739 3098 775 3145 ita
786 3097 831 3145 del.
843 3095 1032 3143 unteinterdum
1047 3093 1073 3139 A
1163 3094 1284 3155 4leuaA

287 3178 301 3222 7
325 3159 466 3223 extraord]
487 3162 592 3223 imperia
615 3161 673 3209 add.
696 3161 839 3209 Mommsen
920 3175 948 3207 re
969 3160 1106 3208 formidant
1127 3159 1153 3205 A
1269 3175 1286 3220 9

285 3228 416 3275 habolam
432 3228 529 3275 habent
543 3227 569 3273 A
590 3227 644 3286 (sict
763 3243 790 3275 11
811 3227 920 3286 Dignaq.
942 3225 968 3271 A
1088 3240 1117 3284 14
1134 3225 1198 3273 liber
1215 3230 1286 3272 aeret

287 3293 318 3355 B,
337 3293 441 3354 itemque
457 3292 492 3353 A,
511 3292 555 3340 sed
572 3296 600 3339 ut
622 3291 712 3338 litterae
728 3292 834 3355 m'geiore
850 3296 988 3338 atramento
1005 3294 1097 3363 postea¹
1108 3290 1160 3338 siut
1178 3291 1285 3352 refictae:

1091 3368 1098 3395 l

286 3407 351 3454 liber
375 3423 435 3455 aere
455 3407 495 3457 P:
522 3408 619 3455 liberae
643 3406 698 3453 fieri
718 3407 803 3467 scn'jtu‘
932 3406 963 3453 16
980 3405 1136 3465 substituatis
1153 3404 1199 3454 A:
1227 3407 1285 3454 sub·

285 3473 391 3521 stituitis
414 3472 454 3522 P:
483 3473 545 3534 fort.
571 3471 736 3521 substitutum
761 3472 803 3519 itis
886 3469 965 3519 subcl.
991 3469 1046 3516 ΑΡ
1130 3471 1216 3518 contio
1240 3469 1285 3518 A:

285 3537 409 3585 concioP
472 3538 582 3599 teq.A:
599 3545 625 3586 te
637 3535 707 3597 Q.P
805 3538 835 3585 18
851 3535 1026 3584 contioneA:
1047 3535 1158 3584 conc.P
1252 3551 1283 3583 21

285 3614 347 3651 uero
370 3603 546 3652 testimonium
563 3603 600 3667 A,
620 3603 685 3650 unde
708 3601 811 3652 correxi:
839 3617 902 3650 uero
923 3600 1068 3650 testimonio
1090 3599 1117 3647 P
1253 3615 1285 3661 23

284 3719 465 3766 transtulerant
479 3719 506 3766 P
567 3683 593 3769 {a
609 3712 682 3780 (su-'mr
698 3717 724 3764 A
744 3717 797 3780 (εἰς)
864 3717 889 3764 in
905 3717 950 3764 A:
967 3715 1034 3763 inter
1044 3714 1071 3761 P
1165 3731 1197 3775 24
1216 3716 1285 3764 Otho

285 3785 396 3834 Roscius
407 3783 552 3834 Puteanus:
572 3792 599 3832 ut
613 3784 756 3833 Horoscius
766 3782 833 3832 AP:
852 3783 928 3831 ‘alias
941 3786 964 3832 δι
978 3781 1134 3829 Horoscius'
1147 3781 1230 3829 Burer

768 3927 799 3978 50
