3024 4568
418 419 465 477 IN
486 419 707 478 VELLEIVM
730 417 1018 478 PATERCVLVM

220 587 314 652 uerbo,
328 587 457 640 lacunam
470 597 533 656 post
551 588 706 640 dimitteret
717 587 822 654 statuit,
836 587 864 640 in
883 604 938 658 qua
954 586 1140 656 supplendum
1151 586 1223 639 foret

220 677 273 743 qui
282 675 501 742 proclamarent,
527 679 560 727 ut
583 674 690 727 ciui'bus
702 678 872 743 parceretur
888 675 975 742 (Suet.
991 676 1071 727 Caes.
1086 686 1101 739 7
1105 686 1129 742 5,
1149 672 1222 741 App.

220 762 247 815 ii.
261 761 316 830 80).
355 760 427 815 Mihi
449 755 518 814 nihil
539 760 675 815 eiusmodi
697 761 807 815 uidetur
825 760 978 828 excidisse;
1009 762 1108 815 sedin
1129 776 1223 813 omnes

220 849 325 902 sactum
343 858 385 902 est
404 848 480 918 quod
498 848 586 902 fuerat
605 850 770 916 incolumem
794 849 898 903 omisso
917 855 951 901 ut
965 858 1030 902 ante
1045 851 1090 901 in·
1105 848 1222 902 fortasse

220 940 286 1009 quia
307 939 389 994 simili
410 939 503 1010 specie
523 940 595 993 duae
617 941 669 994 hae
694 941 808 994 uoculae
830 951 959 994 exaratae
983 941 1100 994 fuerant.
1140 941 1172 992 ln
1191 941 1219 992 A

220 1036 295 1080 certe
312 1033 346 1080 ut
363 1029 394 1080 in
413 1036 472 1080 tam
489 1025 572 1080 simili
592 1036 656 1080 sunt
675 1027 768 1096 specie
789 1040 829 1096 50.
844 1042 859 1080 2
873 1030 903 1080 iu
924 1034 1023 1080 senatu
1041 1038 1070 1082 ut
1088 1025 1135 1081 uix
1153 1027 1225 1080 inter

221 1132 251 1168 se
264 1114 471 1184 dignoscantur.
511 1117 608 1184 ltaque
626 1115 745 1169 militare
764 1117 878 1170 uerbum
894 1118 989 1185 partis
1005 1115 1074 1169 erit:
1095 1132 1150 1185 quo
1163 1114 1224 1184 qui·

221 1201 287 1255 dem
298 1204 383 1255 uerbo
396 1201 465 1255 nihil
477 1211 544 1256 tunc
556 1201 693 1270 usitatius,
707 1220 797 1272 neque
811 1203 839 1256 in
852 1220 899 1256 ore
912 1202 1002 1270 magis
1019 1203 1152 1257 militibus
1164 1202 1224 1255 fuit.

224 1286 281 1340 Cic.
303 1287 373 1340 Phil.
392 1287 447 1341 xiii.
467 1303 508 1342 20.
528 1302 562 1355 47
587 1290 767 1343 Antoniusne
786 1291 885 1359 potius
908 1295 936 1342 et
964 1290 1110 1344 Ventidius
1131 1292 1226 1359 partis

226 1376 353 1428 Caesaris
374 1375 550 1446 defenderent
572 1393 658 1444 quam
677 1379 806 1445 pm'mum
831 1378 952 1430 Caesar.
968 1415 974 1429 .
988 1416 994 1430 .
1006 1377 1104 1428 deinde
1127 1377 1226 1429 Pansa

223 1467 250 1514 et
262 1462 387 1527 Hirtius,
401 1464 453 1530 qui
470 1464 554 1530 qaeasi
571 1479 676 1515 cornua
692 1463 747 1516 duo
765 1469 916 1516 tenuerunt
936 1464 1071 1528 Caesaris,
1084 1470 1145 1516 tum
1164 1479 1225 1516 cum

223 1549 291 1601 illae
302 1565 367 1600 uere
375 1551 475 1617 partes
487 1548 666 1602 uocabantur.
704 1551 735 1602 B.
746 1549 866 1604 African.
877 1551 946 1616 87.4
960 1551 1089 1603 Caesaris
1094 1550 1227 1618 partibus

214 1637 328 1706 fauisse
344 1635 472 1688 sciebant.
508 1635 578 1689 Vell.
594 1647 634 1702 52.
648 1650 664 1688 2
681 1653 768 1705 neque
785 1637 909 1690 hercules
927 1636 1081 1705 quidquam
1093 1637 1228 1705 partibus

223 1724 283 1776 illis
294 1721 438 1775 salubrius
441 1722 515 1791 suit.
547 1724 614 1775 Luc.
627 1740 653 1774 v.
670 1736 701 1788 14
713 1724 780 1775 Non
795 1725 903 1792 Magni
908 1725 1012 1792 partis,
1025 1724 1075 1777 sed
1084 1725 1227 1793 Magnum

223 1810 396 1878 inpartibus
414 1826 476 1876 esse,
491 1817 518 1862 et
537 1808 610 1874 alibi,
630 1825 695 1862 nam
715 1827 797 1862 nemo
816 1812 929 1864 Lucano
952 1811 1042 1880 magis
1064 1811 1093 1864 id
1112 1812 1228 1865 uerbum

223 1896 417 1968 frequentauit.

263 1985 420 2038 Incolumes
434 1983 523 2038 uictos
539 1983 678 2038 dimittere
694 2000 751 2039 100.
766 2000 876 2054 aquom
892 1986 955 2055 (lul.
970 1986 1134 2055 Antonium)
1154 1988 1227 2040 uicto

225 2073 286 2124 eius
305 2075 390 2141 patre
414 2088 470 2124 non
499 2077 611 2125 tautum
636 2073 829 2127 incolumitate
853 2074 1017 2140 donauerat,
1043 2092 1107 2128 cum
1132 2074 1177 2127 uix
1200 2073 1227 2126 in

226 2159 454 2212 consuetudinem
476 2158 565 2228 possit
586 2159 681 2213 uenire
706 2159 867 2228 uictoribus,
893 2168 920 2214 et
943 2163 1139 2215 consuetudine
1164 2179 1228 2215 cum

227 2244 321 2314 Lipsio
334 2263 385 2314 pro
396 2262 432 2298 ex
444 2263 476 2306 c.‚
491 2240 521 2299 ut
535 2263 619 2315 saepe
633 2246 710 2314 alias,
725 2247 857 2317 scriptum
871 2266 940 2302 reor.

263 2337 416 2405 Postquam
430 2336 500 2388 haec
514 2334 689 2404 scripseram,
703 2336 756 2404 legi
773 2354 844 2406 quae
858 2338 893 2391 de
905 2339 959 2391 hoc
976 2338 1037 2391 loco
1051 2339 1085 2392 G.
1098 2338 1132 2390 A.
1146 2337 1229 2390 Koch

227 2422 357 2476 disseruit
384 2421 522 2492 (Quaestt.
550 2423 615 2477 Vell.
637 2425 751 2493 Lipsiae
775 2426 852 2493 1866,
871 2443 898 2495 p.
919 2426 971 2495 16).
1010 2425 1085 2478 Huic
1110 2440 1231 2494 quoque,

228 2509 299 2564 sicut
318 2510 408 2574 nobis,
422 2509 491 2562 nihil
510 2509 646 2564 excidisse
665 2511 782 2576 uidetur,
798 2529 860 2565 cum
880 2514 997 2566 uerbum
1015 2513 1179 2565 dimittendi
1190 2510 1230 2564 sic

227 2601 347 2672 accipiat
360 2610 388 2654 ut
402 2601 437 2654 sit
447 2600 591 2654 discedere
604 2600 698 2654 iubere
712 2618 749 2654 sc.
760 2619 793 2654 ex
806 2619 897 2670 pugna
908 2601 1072 2655 inclinatam
1083 2599 1231 2668 Pompeia-

228 2708 327 2744 norum
340 2689 439 2757 aciem,
452 2691 607 2742 dimitteret
622 2700 716 2742 autem
732 2700 820 2742 mutat
834 2690 862 2742 in
875 2690 1016 2742 dimittere
1028 2706 1092 2743 cum
1114 2687 1232 2751 Haasi0,

229 2781 306 2836 cuius
328 2779 456 2835 infinitiui
476 2789 539 2850 post
557 2781 634 2833 nilu'l
649 2783 804 2848 antiqm'us,
817 2783 905 2850 prius
918 2781 965 2850 dre.
984 2779 1111 2848 exempla
1128 2778 1231 2845 allegat

231 2871 305 2924 Suet.
318 2868 415 2922 Claud.
429 2881 457 2920 11
473 2867 550 2920 nihil
559 2868 708 2935 antiquius
720 2866 805 2920 duxit
815 2884 901 2935 quam
914 2867 948 2920 id
957 2867 1072 2920 biduum
1085 2867 1233 2918 memoriae

229 2959 355 3010 emouere.
382 2956 440 3010 Liu.
451 2955 561 3009 xxxviii.
571 2968 615 3022 47.
625 2969 643 3021 4
652 2954 729 3008 nilu'l
733 2958 820 3025 prius
832 2973 881 3009 nec
885 2957 985 3025 potius
997 2957 1090 3008 uisum
1100 2959 1141 3006 est
1147 2970 1232 3021 quam

229 3050 360 3115 responsa
373 3047 502 3115 accipere.

266 3147 331 3202 541
354 3134 419 3186 Non
438 3131 488 3186 fuit
510 3148 567 3184 non
587 3129 677 3185 maior
696 3131 724 3184 in
746 3133 894 3184 Caesarem
914 3148 999 3201 quam
1018 3129 1045 3183 in
1066 3129 1231 3197 Pompeium

230 3221 320 3274 luerat
347 3221 419 3290 regis
448 3237 601 3290 eorumque
627 3237 745 3290 quorum
770 3219 793 3272 is
819 3220 1012 3273 auctoritatem
1039 3216 1079 3286 (m
1104 3214 1231 3283 inducta)

230 3312 378 3380 regebatur
390 3310 467 3365 fides.
475 3313 514 3366 A.

265 3416 322 3452 non
341 3398 392 3452 fuit
411 3399 499 3452 maior
518 3399 553 3466 P,
572 3398 622 3451 sed
637 3398 789 3452 adnotauit
805 3399 902 3450 Burer
919 3396 975 3450 ‘ex.
994 3405 1049 3450 uet.
1068 3396 1154 3449 habet
1168 3395 1234 3447 Non

232 3485 282 3538 suit
296 3502 351 3538 non
365 3486 454 3539 maior
472 3485 499 3538 in
517 3502 651 3539 caesarem
663 3486 714 3538 &c
728 3484 795 3538 mihi
815 3485 925 3538 uidetur
941 3485 1099 3552 legendum,
1112 3499 1168 3536 non
1184 3481 1236 3536 fuit

233 3585 327 3629 tamen
340 3573 428 3628 maior
441 3573 469 3627 in
483 3591 616 3627 caesarem
630 3574 688 3627 &ct

268 3664 376 3715 Rursus
386 3661 565 3715 Amerbachii
577 3661 660 3714 fidem
672 3659 848 3714 confirmauit
863 3662 958 3725 Burer,
966 3656 1085 3713 eleuauit
1095 3657 1236 3711 Rhenani.

234 3749 291 3803 Sed
310 3765 362 3802 nec
380 3747 554 3817 probabilius
574 3749 739 3801 emendatus
759 3756 801 3800 est
821 3764 897 3801 error
915 3763 999 3816 quam
1017 3744 1043 3797 in
1061 3744 1108 3797 illo
1124 3750 1234 3809 tamen3

233 3837 368 3908 namsuit
378 3841 419 3902 tri,
434 3852 515 3888 erasa
529 3834 616 3888 altera
628 3840 648 3902 t,
654 3833 719 3904 suit
731 3839 750 3886 ri
761 3834 866 3888 factum
880 3842 930 3886 est.

714 3931 761 3992 163
1061 3915 1114 3978 11*
