2996 4520
601 358 731 417 LIBER
752 357 785 416 II

193 530 354 602 consulem,
371 529 480 589 Caesar
498 537 606 600 autem,
623 528 706 604 quod
726 526 982 587 animaduertebat
1003 547 1035 588 se
1053 529 1192 589 cedendo

193 626 317 704 Pompei
339 624 448 703 gloriae
469 636 625 685 aucturum
648 645 732 684 suam
757 635 786 684 et
810 623 924 684 inuidia
948 626 1116 686 communis
1140 647 1192 704 po

192 724 301 785 tentiae
314 724 346 783 in
360 724 443 784 illum
460 725 587 800 relegata
606 724 847 783 confirmaturum
867 721 944 782 uires
963 744 1039 798 suas,
1056 725 1188 799 Crassus,

192 834 224 882 ut
246 842 337 900 quem
360 821 558 900 principatum
580 824 661 882 solus
684 821 809 898 adsequi
833 842 895 882 non
919 833 1043 900 poterat,
1067 824 1191 884 auctori-

164 945 178 994 5
191 931 251 980 tate
265 920 399 998 Pompei,
415 920 527 980 uiribus
542 930 654 980 teneret
669 917 811 981 Caesaris.
854 920 992 980 adfinitas
1011 920 1101 981 etiam
1115 921 1191 981 inter
1203 938 1217 984 3

192 1020 350 1080 Caesarem
372 1019 609 1097 Pompeiumque
630 1029 782 1079 contracta
802 1018 921 1095 nuptiis,
938 1017 1050 1096 quippe
1068 1021 1189 1093 Iulium,

190 1117 281 1177 filiam
296 1119 330 1179 C.
347 1117 489 1191 Caesaris,
506 1118 561 1179 Cn.
580 1119 708 1193 Magnus
723 1115 806 1175 duxit
820 1136 949 1176 uxorem.
993 1116 1025 1176 in
1044 1118 1102 1176 hoc
1122 1136 1219 1190 con-4

190 1217 286 1275 sulatu
310 1217 419 1277 Caesar
443 1217 539 1292 legem
563 1213 637 1287 tulit,
659 1225 692 1272 ut
712 1233 781 1290 ager
803 1215 975 1291 Campanus
996 1213 1096 1291 plebei
1117 1213 1190 1274 diui-

94 1341 95 1345 *
190 1314 316 1386 deretur,
332 1332 451 1372 suasore
465 1312 536 1389 legis
551 1311 714 1388 Pompeio:
735 1311 776 1372 ita
790 1311 904 1371 circiter
917 1329 964 1370 xx
978 1313 1061 1371 mt'lia
1078 1311 1188 1372 ciuium

145 1431 176 1466 10
190 1430 227 1470 eo
248 1411 378 1470 deducta
398 1421 428 1470 et
448 1409 493 1469 ius
514 1409 595 1470 urbis
614 1409 780 1469 restitutum
799 1421 868 1486 post
884 1429 980 1470 annos
998 1408 1111 1468 circiter
1125 1427 1187 1468 ctu

189 1526 280 1583 quam
304 1507 383 1567 bello
407 1507 521 1567 Punico
545 1507 584 1566 ab
607 1505 752 1566 Romanis
775 1507 880 1582 Capua
903 1506 935 1566 in
959 1508 1085 1565 formam
1108 1525 1189 1582 prae-

188 1606 318 1664 fecturae
351 1607 471 1665 redacta
504 1615 573 1664 erat.
631 1603 763 1678 Bibulus,
793 1606 906 1681 collega
941 1603 1082 1677 Caesaris
1119 1623 1215 1680 cum5

188 1701 320 1763 actiones
345 1701 407 1762 eius
430 1702 523 1780 magis
550 1704 640 1762 uellet
664 1701 807 1778 impedire
829 1721 920 1779 quam
944 1712 1052 1779 posset,
1077 1700 1188 1762 maiore

188 1811 271 1878 parte
298 1801 369 1860 anni
396 1800 479 1861 domi
507 1821 540 1860 se
564 1799 676 1860 tenuit:
706 1819 767 1876 quo
791 1802 870 1861 facto
895 1803 968 1861 dum
992 1819 1099 1876 augere
1123 1803 1188 1860 uult

144 1913 174 1964 15
188 1898 332 1958 inuidiam
354 1901 492 1976 collegae,
511 1898 591 1958 auxit
611 1897 783 1975 potentiam.
827 1909 891 1957 tum
910 1897 1030 1960 Caesari
1051 1899 1139 1958 decre
1171 1919 1188 1958 e

186 1995 217 2056 in
232 1996 470 2074 quinquennium
486 1996 607 2058 Galliae.

227 2098 283 2155 Per
310 2095 391 2155 idem
419 2106 537 2173 tempus
566 2098 597 2154 P.
625 2093 758 2168 Clodius,
784 2096 877 2155 homo
905 2095 1023 2168 nobilis,
1049 2095 1185 2169 disertus
1199 2113 1239 2172 45

186 2194 291 2266 audax,
317 2193 428 2270 quique
458 2192 579 2253 dicendi
608 2212 721 2274 neque·
737 2191 867 2252 faciendi
895 2195 990 2252 ullum
1013 2192 1072 2252 nisi
1096 2213 1187 2270 quem

186 2293 276 2350 uellet
290 2301 391 2351 nosset
405 2292 539 2364 modum,
551 2293 697 2350 malorum
708 2290 927 2367 propositorum
942 2301 1096 2350 exsecutor
1109 2312 1187 2352 acer-

143 2405 172 2440 20
186 2388 285 2462 rimus,
301 2388 418 2448 infamis
438 2389 527 2448 etiam
546 2388 653 2448 sororis
673 2399 774 2465 stupro
794 2399 823 2449 et
841 2399 925 2448 actus
943 2388 1049 2448 incesti
1063 2409 1130 2449 reus
1145 2391 1186 2450 ob

184 2486 291 2546 initum
305 2486 381 2546 inter
395 2485 613 2564 religiosissima
629 2484 733 2563 populi
747 2485 878 2546 Romani
897 2505 979 2546 sacra
997 2487 1184 2562 adulterium,

184 2604 253 2643 cum
277 2584 374 2661 gratus
398 2583 566 2644 inimicitias
589 2604 658 2643 cum
684 2586 726 2643 M.
750 2583 896 2645 Cicerone
924 2594 1072 2644 exerceret
1097 2584 1184 2664 (quid

183 2681 263 2741 enim
277 2681 353 2742 inter
367 2693 428 2742 tam
443 2681 593 2742 dissimilis
615 2680 746 2740 amicum
765 2701 830 2740 esse
848 2691 963 2757 poterat
972 2679 997 2758 i)
1013 2693 1043 2741 et
1062 2702 1080 2741 a
1098 2682 1185 2758 patri-

183 2779 239 2839 bus
253 2781 292 2839 ad
306 2780 425 2857 plebem
439 2779 598 2853 transisset,
611 2780 706 2856 legem
721 2777 752 2837 in
766 2777 916 2838 tribunatu
931 2778 1006 2852 tulit,
1018 2779 1071 2856 qui
1085 2779 1183 2840 ciuem

139 2891 167 2943 ²5
183 2879 355 2937 Romanum
384 2898 441 2937 non
469 2879 644 2937 damnatum
672 2875 875 2949 interemisset,
900 2875 927 2935 ei
954 2895 1033 2953 aqua
1060 2888 1090 2936 et
1122 2876 1184 2954 igni

182 2974 420 3036 interdiceretur:
446 2975 530 3035 cuius
552 2973 651 3034 uerbis
676 2973 731 3034 etsi
752 2994 814 3034 non
835 2973 1044 3034 nominabatur
1065 2974 1181 3048 Cicero,

182 3083 282 3132 tamen
297 3075 376 3133 solus
390 3073 553 3150 petebatur.
589 3072 630 3132 ita
644 3072 689 3131 uir
702 3071 815 3149 optime
829 3071 950 3132 meritus
965 3073 1003 3132 de
1017 3073 1184 3150 republica
1199 3103 1211 3136 ι

217 3243 228 3274 1
247 3227 379 3276 consulem
391 3225 417 3272 A
463 3226 538 3277 COS.
551 3225 578 3274 P
641 3227 786 3275 secedendo
797 3225 823 3272 A
898 3243 914 3287 4
931 3242 1006 3288 quem
1017 3227 1086 3277 AB:
1104 3229 1148 3290 qui
1159 3229 1186 3278 P

181 3307 196 3354 5
214 3293 311 3342 uiribus
322 3291 360 3341 P:
378 3293 427 3339 uiri
439 3291 537 3340 uiribus
549 3291 603 3339 AB
699 3295 716 3339 6
734 3291 823 3339 Iuliam
835 3291 892 3341 add.
906 3293 982 3341 Oulli
1069 3295 1085 3341 8
1102 3301 1130 3342 ut
1142 3293 1168 3342 P
1176 3314 1183 3345 z

180 3365 223 3406 aut
234 3357 260 3404 A
361 3375 378 3420 9
395 3373 431 3406 xx
442 3359 535 3406 ciuium
546 3357 572 3404 A
586 3376 592 3408 :
608 3359 653 3406 fi.
671 3358 764 3406 ciuium
774 3356 801 3404 P
898 3373 929 3405 10
945 3357 1015 3405 urbis
1023 3357 1145 3407 Heinsius
1161 3366 1185 3408 et

180 3439 301 3503 Madurg:
327 3440 359 3488 ab
378 3440 419 3489 his
438 3439 506 3488 AP:
531 3455 547 3488 a
566 3454 586 3486 11
607 3439 669 3488 uiris
692 3439 720 3489 G.
737 3438 774 3488 A.
794 3439 863 3486 Koch
945 3434 1186 3493 cr11.A:ffi1.P

181 3519 211 3552 12
228 3513 283 3554 erat
294 3505 381 3555 om.A
484 3519 513 3564 14
530 3504 650 3552 uultAP
758 3505 845 3566 18fqui
858 3520 941 3566 neque
954 3503 1124 3556 Vasmsanus:
1141 3507 1186 3556 sed

180 3572 344 3634 anastrophen
363 3571 492 3634 negatiuae
508 3569 593 3618 Velleio
617 3569 752 3618 uindicauit
774 3569 802 3619 G.
820 3570 846 3616 A
874 3570 943 3618 Koch
1008 3569 1034 3616 ill
1055 3571 1107 3635 del,
1127 3573 1182 3621 dein

180 3635 293 3684 ullumA
364 3652 394 3698 19
410 3642 534 3684 executor
544 3635 599 3682 ΑΡ
661 3651 693 3682 22
710 3650 803 3696 graues
814 3634 869 3681 ΑΡ
932 3651 964 3697 23
982 3636 1119 3686 dissimiles
1130 3636 1185 3686 ΑΡ

180 3713 211 3760 25
228 3718 281 3750 non
289 3701 387 3750 addidi:
402 3703 548 3750 damnatum
556 3700 625 3750 AP:
637 3701 811 3749 indemnatum
819 3699 949 3749 Puteanus
1014 3703 1038 3750 ei
1052 3703 1181 3753 Gelenius:

179 3773 205 3814 et
212 3767 277 3817 AP:
290 3774 318 3815 ut
326 3769 350 3816 ei
358 3767 458 3817 Senner
466 3785 471 3819 :
476 3768 538 3830 son.
547 3767 571 3814 ei
580 3773 607 3814 ut
656 3769 689 3814 26
700 3767 792 3828 quibus
799 3767 1025 3816 uerbisBurmann
1028 3769 1184 3831 probabiliter

664 3861 698 3922 63
