3024 4568
565 1166 848 1279 auueuua

453 1459 516 1516 AD
546 1447 730 1517 LIBRVM
761 1461 956 1518 PRIMVM

243 1617 342 1683 Nuper
353 1613 389 1667 ae
401 1612 490 1667 Vener
501 1611 547 1667 uu.
560 1611 569 1664 i
581 1611 709 1668 disseruit
724 1615 755 1669 r.
769 1614 880 1673 sehoeu
895 1599 1205 1687 uus.nue1'1.1n.511-

208 1714 268 1771 525,
281 1704 356 1756 unde
368 1703 438 1756 haec
450 1698 582 1770 excerpsi.

244 1805 288 1844 21
310 1791 403 1858 Quod,
423 1791 528 1843 Burero
547 1798 627 1855 teste,
646 1789 674 1842 in
694 1789 874 1844 Murbacensi
892 1789 943 1845 fuit
961 1791 1064 1847 rixam.
1080 1796 1161 1861 netes,
1178 1793 1205 1848 id

561 1871 583 1898 'n

209 1908 362 1964 Schoellius
377 1927 410 1964 ex
424 1913 518 1964 rixam
530 1913 584 1964 cies
599 1920 690 1964 ortum
708 1919 797 1979 putat,
814 1910 848 1964 de
861 1912 1005 1966 industn'u
1020 1914 1207 1983 inpmdenter

208 1997 402 2067 interpretatus
427 2009 470 2053 est
494 2009 637 2068 tamquam
658 2015 819 2067 oxymorou
843 1997 922 2054 ‘with
941 2017 959 2052 a
979 1999 1131 2055 deliberate
1154 2001 1205 2069 (or,

209 2084 381 2153 intentional)
406 2095 480 2140 want
505 2087 536 2140 ol
557 2085 752 2155 forethought’
792 2087 845 2139 Per
869 2085 943 2140 idern
970 2104 1058 2155 genus
1083 2088 1205 2156 oxymori

209 2182 289 2241 putat
313 2171 418 2226 dictum
443 2172 459 2228 i.
483 2187 559 2242 15.3
584 2175 632 2228 cui
654 2175 685 2227 in
715 2173 921 2228 demoliendo
950 2175 1056 2227 eximia
1079 2176 1206 2230 ciuitatis

207 2262 343 2314 seueritas
353 2267 381 2314 et
391 2262 490 2316 consul
501 2262 602 2332 Caepio
614 2263 739 2316 restitere
750 2282 758 2327 ;
776 2278 840 2316 cum
855 2260 928 2316 enim
945 2261 1071 2316 demoliri
1083 2264 1204 2332 plerum-

206 2364 260 2416 que
284 2347 320 2402 sit
344 2352 394 2404 τῶν
418 2351 620 2420 νεωτεριζόντων,
647 2348 727 2404 Cassi
751 2350 892 2404 theatrum
913 2349 961 2420 qui
985 2350 1206 2405 demoliebantur

207 2435 361 2491 seueritatis
377 2448 471 2507 partes
489 2455 540 2509 pro
558 2437 700 2506 republica
718 2454 874 2507 suscepere.
914 2439 1014 2507 Caepio
1031 2448 1134 2505 autem,
1147 2455 1204 2492 non

208 2524 309 2594 Sapie,
322 2525 524 2580 restituendum
541 2535 624 2595 putat
635 2524 759 2590 Velleio;
778 2542 844 2578 nam
858 2535 886 2579 et
903 2525 1097 2580 Murbacensis
1108 2526 1206 2580 habuit

209 2611 299 2681 Cepia,
324 2623 351 2666 et
371 2613 491 2682 Appiani
510 2611 620 2667 codices
640 2613 673 2666 B.
686 2613 717 2664 C.
735 2610 751 2665 i.
765 2613 808 2676 28,
827 2610 874 2664 ubi
892 2609 991 2664 eadem
1011 2628 1054 2665 res
1068 2622 1205 2680 narratur,

206 2698 310 2750 κωπίων
328 2701 373 2753 uel
390 2699 430 2754 καὶ
447 2699 512 2754 πίων
528 2699 659 2753 uidentur
675 2707 825 2767 praestare.
862 2699 936 2752 Nam
959 2708 988 2752 ut
1009 2697 1054 2752 hic
1075 2698 1204 2768 Appiano

207 2785 351 2852 Velleium‚
365 2785 404 2840 sic
416 2796 444 2841 et
456 2787 553 2841 Seruio
566 2785 631 2839 alibi
644 2796 672 2839 et
684 2783 810 2840 Vitruuio
827 2784 983 2839 consentire
996 2794 1093 2839 contra
1105 2786 1205 2854 uulgus

207 2881 369 2927 auctorum:
395 2873 491 2928 Seruio
513 2872 584 2941 (Ecl.
603 2891 629 2927 v.
651 2886 679 2926 11
700 2873 765 2926 illos
777 2876 860 2942 posse
877 2875 988 2926 uz'rtcere
1005 2889 1126 2941 quorum
1144 2874 1207 2925 dux

201 2961 341 3028 pensset),
353 2977 416 3014 cum
429 2960 570 3016 oraculum
579 2960 647 3014 illud
657 2960 786 3030 Pythium
798 2977 919 3029 quorum
932 2961 994 3013 dux
1003 2961 1037 3013 ab
1049 2961 1125 3014 hoste
1136 2967 1206 3014 esset

208 3049 318 3114 occisus,
328 3065 372 3100 eos
376 3047 496 3116 futuros
504 3051 660 3117 supm'ores
668 3047 750 3116 (Vell.
760 3047 776 3102 'u
786 3062 811 3102 2.
821 3047 846 3117 1)
855 3046 983 3102 uniuerse
996 3046 1035 3100 sic
1047 3046 1203 3113 enuntiarit,

207 3151 262 3188 non
281 3134 316 3188 de
334 3152 389 3189 uno
408 3136 511 3203 Codro,
530 3147 560 3190 ut
577 3134 673 3206 reliqui
693 3134 762 3204 (Cic.
775 3137 858 3190 Tusc.
877 3133 893 3187 i.
911 3135 977 3202 1163
1002 3134 1065 3188 Val.
1084 3136 1158 3188 Max.
1177 3153 1203 3189 v.

208 3222 233 3277 6.
254 3237 266 3276 1
288 3224 367 3290 Ext.;
394 3225 461 3278 lust.
482 3223 498 3279 i.
520 3239 544 3278 2.
565 3222 610 3289 6):
635 3222 770 3290 Vitruuio,
789 3241 853 3277 curn
873 3224 970 3277 Ionem
988 3222 1088 3277 ducem
1109 3223 1204 3277 fecerit

207 3309 377 3364 coloniarum
395 3328 465 3380 quas
479 3310 666 3366 Athenienses
683 3310 710 3365 in
730 3310 837 3365 Ioniam
853 3309 977 3364 miserint
997 3309 1077 3377 (Vell.
1097 3309 1113 3363 i.
1130 3324 1155 3375 4.
1169 3325 1201 3378 33

102 3439 104 3442 .
207 3395 275 3451 Vitr.
289 3397 322 3451 iv.
338 3413 360 3453 1.
374 3397 428 3467 25),
444 3398 539 3468 reliqui
552 3398 680 3453 Codridis
693 3415 793 3453 munus
806 3397 833 3452 id
846 3396 1036 3452 adtribuerint.

243 3486 263 3537 6
277 3499 292 3552 3
312 3487 366 3539 Pro
383 3503 416 3539 eo
435 3486 509 3555 quod
526 3496 568 3540 est
582 3486 609 3540 in
621 3486 649 3539 Α
664 3489 720 3552 uir,
736 3485 888 3541 Schoellius
903 3484 973 3537 coni.
986 3485 1018 3536 in
1029 3501 1053 3538 r.
1069 3482 1122 3552 (p.)
1135 3508 1161 3527 =
1175 3485 1203 3539 in

207 3589 266 3624 rem
279 3572 426 3641 publicam.

243 3662 288 3714 81
311 3661 378 3713 Post
399 3660 592 3729 Olympiorum
615 3659 768 3715 Schoellius
789 3658 875 3713 credit
900 3658 1033 3712 excidisse
1058 3658 1202 3728 Olympia·

206 3749 291 3801 dum:
323 3748 361 3802 sic
385 3747 512 3817 explicari
536 3754 597 3800 tum
622 3750 637 3814 §
657 3763 682 3815 3,
704 3759 732 3801 et
757 3763 827 3816 quae
847 3745 922 3800 initio
945 3749 959 3812 ξ
979 3760 996 3811 4
1019 3755 1102 3810 stant,
1124 3754 1202 3800 sexta

207 3837 363 3906 olympiade
370 3840 436 3904 post
446 3847 521 3888 XXII
532 3853 620 3888 annos
633 3852 717 3903 quam
725 3838 824 3904 prima
838 3833 1103 3902 constitutasuerat.

685 3946 728 3996 193
1041 3925 1077 3978 13
