2996 4520
618 423 748 483 LIBER
769 423 802 483 11

209 601 355 667 occupata
384 589 473 650 armis
502 590 691 665 Macedonia,
721 590 823 652 omnia
855 604 885 652 et
912 592 943 652 in
971 593 1111 655 omnibus
1139 594 1212 656 locis

209 687 270 764 igni
304 690 440 766 ferroque
473 699 595 747 uastata.
653 687 725 765 quin
760 689 849 748 etiarn
885 701 984 750 tantus
1019 691 1107 752 huius
1143 692 1213 753 belli

209 798 305 846 metus
330 787 392 860 fuit,
415 799 448 846 ut
467 775 604 847 stabilem
625 786 709 846 illum
731 799 760 846 et
781 789 929 848 firmatum
952 800 1101 850 tantorum
1123 791 1213 852 bello

209 904 274 943 rum
297 883 476 962 experientia
499 883 633 946 Caesaris
658 884 785 962 Augusti
809 885 943 946 animum
966 899 1099 964 quateret
1122 900 1213 966 atque

181 992 335 1050 ,sterteret

252 1077 357 1139 Habiti
377 1078 477 1156 itaque
500 1080 642 1153 delectus,
658 1079 789 1141 reuocati
807 1081 941 1159 undique
961 1095 991 1143 et
1010 1105 1115 1145 omnes
1134 1099 1214 1147 uete
1225 1102 1267 1144 111

209 1176 280 1249 rani,
307 1176 362 1236 uiri
389 1177 578 1255 feminaeque
609 1199 645 1238 ex
673 1199 765 1240 censu
794 1179 964 1240 libertinum
993 1195 1114 1243 coactae
1142 1188 1213 1246 dare

209 1274 341 1335 militem.
384 1275 486 1336 audita
513 1275 544 1335 in
570 1289 674 1336 senatu
699 1298 759 1337 uox
782 1276 931 1355 principis,
956 1280 1075 1342 decimo
1100 1281 1158 1356 die,
1181 1283 1214 1342 ni

210 1386 370 1448 caueretur,
386 1396 474 1453 posse
488 1378 606 1436 hostem
621 1375 651 1435 in
666 1376 747 1437 urbis
760 1380 877 1438 Romae
891 1378 993 1439 uenire
1008 1391 1211 1456 conspectum.

166 1491 196 1524 10
209 1483 379 1531 senatorum
400 1473 595 1550 equitumque
617 1463 823 1535 Romanorum
845 1488 965 1536 exactae
985 1481 1024 1538 ad
1046 1477 1077 1538 id
1100 1479 1211 1539 bellurn

210 1588 334 1645 operae:
369 1569 531 1646 pollicitati.
583 1570 684 1631 omnia
711 1574 786 1632 haec
813 1575 930 1633 frustra
945 1595 1238 1652 praeparassemusa

210 1666 266 1726 nisi
281 1667 333 1745 qui
346 1667 396 1728 illa
409 1680 521 1746 regeret
540 1668 649 1730 fuisset
694 1669 794 1749 itaque
816 1682 850 1731 ut
871 1671 1050 1749 praesidium
1073 1673 1211 1734 ultimum

210 1786 255 1826 res
270 1767 390 1843 publica
403 1768 443 1828 ab
456 1771 593 1846 Augusto
608 1771 717 1828 ducem
731 1769 761 1828 in
777 1771 889 1829 bellum
900 1771 1038 1848 poposcit
1048 1771 1211 1832 Tiberium.

211 1865 315 1925 habuit
342 1865 373 1925 in
401 1869 460 1926 hoc
487 1887 608 1944 quoque
636 1868 715 1928 bello
744 1867 931 1929 mediocritas
959 1882 1059 1930 nostra
1086 1870 1239 1948 speciosis

126 1965 130 1973 “
169 1981 197 2028 15
212 1961 355 2023 ministeri
369 1966 476 2024 locum.
520 1964 604 2024 finita
622 1965 751 2042 equestri
770 1966 874 2027 militia
890 1967 1060 2045 designatus
1075 1981 1215 2045 quaestor

211 2065 340 2123 necdum
375 2076 494 2124 senator
525 2075 669 2140 aequatus
704 2065 897 2138 senatoribus,
930 2066 1019 2126 etiam
1053 2067 1213 2144 designatis

211 2159 335 2220 tribunis
350 2162 456 2238 plebei,
472 2174 586 2239 partem
601 2162 745 2223 exercitus
764 2164 804 2223 ab
823 2165 896 2224 urbe
911 2164 1009 2226 traditi
1022 2166 1062 2225 ab
1076 2169 1212 2243 Augusto

210 2259 334 2334 perduxi
367 2263 407 2321 ad
442 2260 536 2320 filium
571 2260 642 2321 eius.
694 2261 724 2320 in
758 2273 915 2338 quaestura
946 2262 1056 2325 deinde
1091 2263 1241 2331 remissa4

211 2369 288 2418 sorte
309 2359 481 2436 prouinciae
502 2362 614 2437 legatus
634 2359 768 2420 eiusdem
792 2363 832 2421 ad
853 2363 983 2421 eundem
1005 2361 1112 2422 missus
1137 2383 1211 2422 sum.

168 2479 197 2510 20
211 2476 284 2532 quas
302 2478 357 2518 nos
378 2458 474 2535 primo
495 2478 576 2518 anno
597 2457 675 2518 acies
695 2457 826 2519 hostium
846 2457 993 2520 uidimus!
1016 2460 1133 2537 quantis
1147 2481 1214 2538 pru·

211 2553 312 2613 dentia
326 2554 410 2615 ducis
430 2554 679 2631 oportunitatibus
698 2555 820 2615 furentis
839 2576 942 2616 eorum
964 2555 1041 2616 uires
1060 2557 1213 2618 uniuersas

244 2711 515 2771 aquinVaseusanus:
533 2710 653 2772 quiaAP
700 2711 1073 2760 etiamtantusA:t.etiamP
1126 2713 1211 2777 ildeh,

212 2773 266 2822 dein
274 2775 350 2823 huius
359 2774 395 2836 A,
405 2781 509 2837 coeperat
518 2777 615 2823 scrihere
625 2777 693 2824 illius
759 2792 775 2837 3
792 2777 918 2824 firmatum
929 2777 1013 2824 Burer
1021 2794 1051 2824 ex
1065 2779 1212 2830 com'ectura:

211 2841 345 2888 sonnatum
356 2839 407 2886 BA
419 2858 425 2888 ι
442 2841 596 2890 fortunatum
607 2840 634 2888 P
720 2856 735 2902 5
752 2840 814 2890 Post
825 2849 934 2891 terreret
945 2842 1032 2890 Haase
1042 2845 1215 2906 transponebat

214 2921 267 2952 111.
284 2921 295 2952 1
310 2907 396 2954 audita
409 2907 436 2953 in
452 2915 561 2955 senatu.
578 2946 582 2955 .
597 2943 603 2955 .
618 2907 748 2968 pollicitati
847 2909 863 2954 6
880 2908 989 2955 dilectus
1000 2908 1044 2957 A:
1065 2911 1178 2957 delectus
1190 2909 1216 2956 P

213 2978 348 3020 reuocatus
359 2970 428 3020 AP:
445 2973 558 3020 reuocati
572 2971 685 3020 Gelenius
782 2975 798 3020 8
816 2973 921 3020 militem
932 2971 1088 3023 Rhenanus:
1105 2975 1212 3022 militum

212 3035 266 3082 ΑΡ
363 3051 391 3083 11
411 3053 512 3097 operae,
532 3038 664 3098 pollicitati
685 3038 769 3085 omnia
786 3040 850 3086 haec
867 3038 911 3087 A:
940 3053 1043 3100 operae.
1070 3040 1212 3090 Pollicitati.

213 3101 306 3149 Omnia
324 3102 348 3151 h.
367 3101 398 3160 P,
416 3109 511 3150 secutus
526 3119 584 3150 sum
601 3102 776 3151 distinctionem
794 3103 936 3164 Hottrngeri
1051 3120 1080 3152 12
1097 3105 1213 3152 ultimum

211 3166 328 3228 Lipsius:
346 3167 452 3215 militum
463 3167 521 3230 ΑΡ,
536 3166 604 3230 quod
616 3169 725 3216 Thomas
741 3184 798 3215 cum
814 3169 947 3231 postposito
964 3170 1053 3219 ducem
1073 3171 1213 3232 coniungit:

212 3233 314 3279 unicum
333 3232 423 3280 Gruter
521 3248 550 3294 15
568 3233 675 3281 ministri
692 3233 760 3282 AP:
788 3234 921 3282 ministerii
939 3232 1047 3297 Lipsius,
1060 3236 1129 3296 quod
1140 3236 1215 3283 Kn'ta

212 3303 295 3345 tuetur
303 3314 333 3345 ex
342 3297 398 3346 Liu.
412 3298 443 3346 iv.
457 3300 473 3346 8
485 3299 593 3360 speciosi
607 3299 741 3346 ministerii
759 3299 972 3361 procurationem,
995 3299 1047 3349 Val.
1068 3300 1139 3350 Max.
1160 3302 1213 3348 viii.

214 3379 250 3424 13.
268 3379 280 3410 1
299 3364 494 3424 speciosissimis
512 3365 574 3425 reip.
593 3364 741 3412 ministeriis
895 3380 933 3425 eq.
957 3366 1036 3412 uestri
1054 3365 1080 3412 A
1183 3370 1214 3415 16

212 3436 238 3477 et
251 3429 299 3476 iam
313 3427 425 3476 Gelenius
513 3430 660 3489 designatus
673 3430 790 3478 tribunus
802 3429 941 3478 Rhenanus
951 3436 973 3477 et
982 3429 1082 3492 Popma
1183 3433 1214 3479 18

213 3494 333 3556 perduxit
344 3493 399 3541 ΑΡ
406 3511 412 3543 :
437 3495 547 3555 perduxi
562 3494 702 3542 Rhenanus
818 3510 850 3557 19
866 3495 1046 3556 prouintiaeA
1121 3497 1214 3545 missus

211 3575 268 3608 sum
285 3558 384 3607 Halm:
418 3559 574 3608 missumA:
604 3560 734 3609 missusP
830 3575 860 3607 21
879 3561 949 3608 ducis
970 3561 1009 3608 usi
1032 3575 1056 3610 o.
1076 3560 1212 3613 Heinsius:

212 3641 272 3687 opp.
290 3625 335 3674 A:
358 3624 402 3673 sed
415 3641 457 3686 op.
480 3638 533 3685 115.
557 3638 579 3684 5,
605 3639 694 3699 rao.4
822 3626 931 3674 furentis
947 3625 989 3676 A:
1014 3625 1139 3676 furenteis
1155 3626 1213 3687 PB,

203 3742 292 3804 suerat
299 3742 409 3804 sonasse
419 3742 445 3790 iu
456 3740 540 3791 Murb.
552 3703 668 3789 furentis
733 3757 821 3790 eorum
832 3741 900 3791 AB:
927 3742 952 3789 in
969 3757 1026 3790 eum
1037 3741 1064 3789 P

684 3924 727 3961 121
