3024 4568
420 436 466 494 IN
487 427 708 495 VELLEIVM
731 438 1020 499 PATERCVLVM

219 597 338 650 creditur
347 599 384 650 'V.
398 608 524 666 spectare
543 599 580 652 ad
600 598 676 652 illam
689 610 797 668 partem
815 601 907 669 operis
921 601 962 654 sui
983 619 1054 671 quae
1067 601 1135 654 olim
1147 600 1219 653 inter

219 703 241 738 c.
256 687 272 738 8
286 695 312 738 et
326 699 342 752 9
354 687 506 754 legebatur.
546 687 617 740 Mihi
637 687 823 741 consideranti
838 689 884 741 illa
896 705 964 756 quas
972 691 1062 758 paulo
1075 695 1141 742 ante
1153 706 1218 741 cnci-

219 774 392 824 merauimns
422 773 532 826 uidetur
562 773 655 843 potius
681 792 703 828 c.
729 789 759 841 13
785 776 940 843 respexisse
968 776 1015 828 ubi
1041 777 1076 830 de
1102 776 1219 844 Polybio

221 860 408 929 Panaetioque
426 860 542 914 dixerat.
579 865 759 931 omniumque
774 863 856 930 igitur
869 863 1035 933 scripserim,
1049 865 1124 932 quod
1138 865 1220 932 paulo

219 947 332 1000 liberius
351 946 390 1000 sic
407 948 605 1018 interpretere:
625 948 854 1019 philosophorum
868 952 981 1019 ingenia
993 970 1011 1004 a
1026 953 1141 1004 Socrate
1154 968 1220 1019 pen·

219 1034 353 1101 dentium,
367 1052 485 1104 cumque
498 1036 541 1088 his
555 1046 710 1090 ceterorum
724 1055 792 1106 quos
805 1040 888 1108 paulo
901 1050 965 1092 ante
979 1037 1212 1092 enumerauinrus.

192 1134 198 1144 ·
254 1137 283 1189 17
298 1121 576 1190 5huiuserg0,x.r.lt.

255 1209 382 1277 Vestigia
406 1228 536 1278 premens
557 1213 736 1266 Amerbachii
757 1213 848 1266 locum
871 1214 911 1266 sic
932 1213 1106 1268 refinxerim:
1135 1214 1222 1267 liuius

218 1312 284 1366 erga
302 1297 448 1365 reserentes
467 1298 522 1364 (uel
541 1301 698 1368 reficientis)
718 1303 803 1370 inque
820 1303 962 1355 saeculum
981 1304 1177 1372 congregantia
1195 1319 1223 1354 se

220 1385 398 1453 ingeniorum
413 1386 612 1439 similitudinis
628 1393 655 1439 et
665 1389 697 1439 in
715 1391 841 1442 studium
854 1393 915 1459 par
925 1395 952 1441 el
963 1391 994 1441 in
1007 1390 1221 1442 emolumentum

220 1487 319 1523 causas
336 1487 397 1524 uem
414 1477 494 1541 saepe
512 1473 563 1539 (sic
578 1474 706 1542 Maduig)
720 1478 841 1544 requiro,
872 1478 904 1528 ln
918 1476 1019 1546 quibus
1031 1494 1058 1529 se
1071 1494 1134 1530 curn
1147 1487 1222 1530 utro-

222 1575 274 1626 que
287 1559 439 1628 resenenlis,
453 1564 648 1632 congregantis
660 1563 845 1632 coniungitur.
899 1620 904 1631 ,

538 1832 667 1888 LIBER
688 1831 906 1892 SECVNDVS

258 2005 270 2042 1
285 2002 297 2058 5
321 1989 476 2057 Ingeniosa,
490 2007 542 2043 nec
555 1999 648 2043 tamen
666 1990 723 2043 ueri
737 1990 843 2058 similis,
858 2001 899 2044 est
916 1991 1076 2045 emendatio
1089 1993 1223 2045 Warbur·

223 2077 281 2130 toni
295 2078 340 2145 qui
354 2093 404 2146 pro
417 2094 450 2129 eo
463 2077 538 2146 quod
557 2078 660 2131 habent
677 2079 734 2131 ΑΡ
750 2079 921 2132 Mancinum
939 2081 1108 2132 uerecundia
1122 2081 1226 2148 qecippe

223 2179 279 2215 non
306 2164 457 2217 recusando
480 2163 616 2232 perduxit
635 2163 786 2234 (producti
802 2167 843 2233 Α)
868 2167 924 2220 heu
947 2173 987 2231 ul,
1010 2167 1060 2220 lte.
1086 2167 1225 2220 scribebat

223 2251 389 2304 uerecundia
402 2267 473 2320 quae
486 2268 606 2318 poenam
619 2269 675 2305 non
689 2254 843 2306 recusando
856 2253 982 2323 perduxit
996 2255 1078 2322 hunc,
1093 2265 1130 2322 ut,
1144 2255 1194 2308 &e

260 2341 398 2392 621ure
420 2338 529 2391 uidetur
548 2339 693 2407 Wopkens
718 2341 829 2394 maiora
853 2347 881 2394 et
901 2344 1013 2395 acriora
1038 2346 1161 2411 repetens
1186 2339 1226 2393 sic

224 2426 373 2480 defendere
392 2436 423 2479 ut
446 2425 583 2480 sententia
603 2425 638 2479 sit
657 2427 811 2481 ‘renouans
833 2429 878 2482 uel
899 2447 993 2483 rursus
1013 2429 1149 2482 inducens
1168 2443 1226 2479 non

223 2531 312 2583 aeque
330 2513 427 2581 grauia
446 2531 479 2566 ac
499 2514 615 2567 molesta
635 2523 753 2580 tantum,
769 2516 820 2569 sed
838 2515 924 2569 etiam
945 2516 1071 2584 grauiora
1093 2525 1121 2569 et
1142 2515 1226 2568 mole·

223 2601 324 2655 stiora.’

261 2702 310 2754 92
329 2705 450 2756 namque
469 2687 575 2742 Mutius
593 2687 659 2742 iuris
677 2689 792 2743 scientia
805 2706 890 2758 quam
907 2689 1034 2759 propriae
1051 2688 1226 2758 eloquentiae

224 2775 337 2829 nomine
350 2775 485 2828 celebrior
497 2775 547 2829 fuit
558 2776 586 2828 Α
590 2816 596 2828 .
1277 2835 1281 2842 ,

254 2864 391 2931 propriae
410 2864 444 2916 G.
463 2864 497 2915 A.
518 2864 600 2916 Koch
620 2861 660 2916 sic
680 2863 877 2932 interpretatus
902 2874 945 2917 est
963 2881 996 2916 ex
1017 2863 1074 2917 Cic.
1094 2864 1128 2916 de
1149 2865 1227 2917 Orat.

225 2949 242 3002 i.
265 2964 307 3016 39.
335 2950 385 3002 180
409 2959 437 3002 et
458 2951 535 3003 Brut.
549 2963 591 3016 39.
612 2962 660 3017 145
692 2952 767 3003 iuris
786 2953 947 3020 peritarum
977 2952 1228 3018 eloquentissimus,

225 3038 411 3105 eloquentium
428 3038 504 3089 iuris
516 3039 715 3105 pecz'tissimus,
731 3048 761 3092 ut
779 3055 840 3091 eam
859 3038 1030 3105 intellegeret
1042 3039 1228 3107 eloquentiam

226 3141 298 3193 quae
314 3124 415 3176 finibus
435 3123 488 3177 illis
503 3123 553 3190 (sc.
567 3124 632 3178 iuris
652 3135 679 3178 et
699 3125 791 3192 legum
810 3124 954 3192 scientiae)
977 3125 1187 3194 circumscripta
1202 3135 1229 3179 et

226 3211 292 3265 inde
305 3211 384 3281 quasi
397 3213 521 3280 pendens
535 3211 627 3265 minus
641 3211 694 3265 dici
707 3212 796 3281 possit
808 3212 927 3281 propria.

263 3315 283 3365 9
297 3314 312 3366 3
333 3301 451 3353 Secutus
468 3316 538 3364 sum,
552 3299 603 3352 sed
620 3299 786 3366 dubitanter,
804 3299 967 3352 Maduicuin
982 3299 1111 3368 (Aduers
1125 3299 1151 3353 ii.
1165 3297 1229 3366 300)

227 3402 416 3454 magnumque
431 3389 507 3439 inter
522 3387 572 3438 lies
588 3388 662 3455 ipsas
667 3387 804 3456 facientis
816 3389 894 3456 operi
904 3403 954 3439 sua
967 3388 1056 3439 lacum
1070 3427 1076 3439 .
1091 3425 1098 3440 .
1112 3427 1118 3440 .
1132 3386 1232 3439 celebre

227 3480 254 3526 et
262 3474 358 3526 Lucili
369 3474 539 3542 nomenfuil
555 3483 732 3526 reuocantem
746 3474 783 3526 ad
797 3490 916 3542 sequens
926 3475 1029 3540 Lucili,
1043 3491 1097 3527 non
1111 3475 1148 3527 ad
1161 3475 1187 3526 Α
1192 3474 1234 3526 cci

227 3561 302 3630 quod
316 3571 523 3629 praecesserat:
544 3571 653 3614 tantum
665 3561 765 3613 celebre
782 3567 816 3626 el,
836 3561 910 3629 quod
924 3561 1029 3614 habent
1041 3562 1105 3626 AF,
1126 3560 1231 3614 retineo

228 3647 338 3716 (Mada.
359 3647 469 3701 inuerso
488 3647 585 3700 ordine
603 3653 629 3700 cl
647 3647 746 3700 celebre
766 3647 927 3715 scribebat),
948 3665 1012 3701 cum
1032 3654 1059 3700 et
1078 3665 1128 3716 pro
1147 3651 1230 3701 eliam

228 3735 271 3802 sit,
285 3753 473 3806 inriguumque
485 3737 521 3788 ad
535 3736 633 3801 locuni,
647 3752 704 3788 non
718 3736 866 3788 adnomen
880 3735 1017 3804 pertinere
1031 3735 1167 3789 uideatur.

265 3825 348 3892 Quod
368 3823 395 3877 in
416 3824 599 3878 Hermathen.
618 3821 689 3877 xxiii.
711 3823 728 3876 6
754 3822 908 3877 admiratus
937 3840 998 3876 sum
1025 3825 1126 3876 enectis
1149 3822 1233 3877 fuisse

711 3935 759 3987 149
