3024 4568
403 449 449 507 IN
470 449 692 508 VELLEIVM
715 448 1003 508 PATERCVLVM

203 607 307 669 certam
330 615 454 683 accedat,
477 615 574 670 ceteris
594 633 666 686 quae
690 617 783 670 adhuc
802 616 990 683 innotuerunt,
1009 626 1100 685 potest
1119 615 1207 669 uideri

202 702 377 771 probabilior.

234 789 344 859 [Nuper
355 791 620 859 Novikpellebatur
628 789 753 844 defendit
762 802 906 860 tamquam
915 789 949 844 sit
960 791 977 844 i.
989 807 1015 860 q.
1024 791 1205 844 uincebatur:

202 877 280 931 cuius
293 895 359 930 usus
372 878 531 947 exemplum
546 879 620 946 apud
633 879 667 931 V.
682 895 738 930 non
752 875 837 945 noui.]

237 979 304 1032 352
324 982 380 1017 non
400 965 495 1018 uirtuti
516 965 662 1018 similimus
681 966 731 1019 sed
744 982 794 1034 per
813 965 906 1018 omnia
926 963 1037 1032 ingenio
1055 963 1108 1018 diis
1122 981 1206 1033 quam

201 1051 362 1120 hominibus
376 1053 495 1121 propior.
508 1053 546 1106 A.

237 1141 402 1209 Numquam
421 1139 522 1193 clarius
538 1139 703 1209 perspicitur
723 1139 790 1209 quid
810 1141 946 1194 Rhenano
962 1140 1122 1204 debeamus,
1139 1139 1206 1208 quid

200 1227 407 1281 Amerbachio:
434 1227 480 1281 hic
507 1227 638 1282 uidelicet
664 1227 731 1280 uitia
757 1227 951 1281 Murbacensis
971 1226 1126 1295 descripsit,
1149 1243 1205 1278 non

200 1315 334 1369 correxit:
366 1316 528 1382 Rhenanus,
551 1315 659 1384 quoties
682 1325 758 1369 certa
778 1315 803 1368 ei
824 1314 883 1368 uisa
903 1325 945 1368 est
965 1313 1133 1368 emendandi
1151 1313 1205 1380 uia,

200 1401 299 1456 uitium
312 1401 431 1469 sustulit,
444 1420 479 1455 ne
496 1403 580 1456 uerbo
594 1402 707 1472 quidem
721 1401 749 1455 id
763 1420 792 1455 se
804 1401 904 1455 fecisse
917 1411 1043 1455 testatus.
1080 1401 1163 1454 Velut
1178 1401 1205 1453 in

200 1489 254 1543 hoc
267 1489 328 1542 loco
342 1488 445 1543 scimus
458 1489 676 1542 Amerbachium
689 1507 818 1543 exarasse
829 1489 905 1558 quod
916 1488 943 1541 in
954 1487 1132 1542 Murbacensi
1143 1487 1203 1553 fuit,

201 1575 267 1630 dicit
284 1575 359 1630 enim
377 1578 466 1630 Burer
479 1576 545 1630 ‘Ex
559 1586 613 1630 uet.
629 1577 714 1630 habet
733 1594 789 1630 non
808 1577 900 1630 uirtuti
921 1575 1092 1629 simillimus?
1123 1575 1206 1630 Vnde

200 1661 284 1730 igitur
307 1665 461 1717 Rhenanus
481 1663 618 1718 ediditin
638 1665 666 1717 P
685 1663 713 1716 id
735 1665 810 1733 quod
830 1681 926 1716 omnes
954 1679 1084 1716 numeros
1104 1662 1205 1731 proba-

201 1749 316 1804 bilitatis
336 1751 421 1804 habet
442 1752 540 1804 ‘homo
559 1750 653 1804 uirtuti
674 1750 861 1804 simillimus’?
901 1749 1042 1803 Nimirum
1062 1767 1095 1802 ex
1112 1767 1205 1802 emen-

201 1836 313 1890 datione
330 1837 387 1891 siue
405 1836 521 1891 aliorum
538 1837 594 1892 siue
613 1856 671 1891 sua.
709 1838 755 1891 Sic
774 1838 848 1892 enim
864 1839 962 1892 Burer:
996 1836 1060 1890 ‘sed
1081 1835 1120 1905 (ut
1141 1849 1205 1892 sunt

201 1923 279 1976 uaria
308 1923 555 1994 chirographorum
585 1923 700 1994 genera)
730 1925 857 1994 suspicor
888 1924 1030 1978 librarium
1060 1925 1146 1978 homo
1166 1925 1206 1979 sic

201 2011 239 2064 ho
260 2010 391 2079 scriptum
414 2029 464 2079 pro
488 2029 544 2064 non
566 2012 723 2080 aspexisse:
750 2029 818 2066 narn
840 2012 862 2066 si
885 2011 1062 2081 aspirationis
1085 2013 1206 2066 caudam

201 2114 285 2166 quam
302 2115 411 2151 sursum
427 2109 547 2152 erectam
568 2099 653 2152 habet
668 2117 724 2152 non
744 2101 855 2168 longule
874 2099 902 2152 in
922 2099 1009 2152 altum
1029 2100 1205 2168 protraxeris,

200 2202 219 2237 n
233 2202 293 2238 esse
307 2184 393 2239 cuiuis
406 2203 461 2238 non
480 2186 592 2255 penitus
610 2186 811 2255 introspicienti
827 2186 953 2240 uidetur?
991 2187 1099 2254 Quibus
1112 2187 1206 2241 uerbis

201 2288 265 2325 cum
283 2272 501 2341 experimentum
518 2274 614 2328 fecerit
633 2276 721 2328 Burer
738 2274 911 2329 coniectandi
930 2277 1071 2344 quomodo
1084 2275 1164 2328 tremo
1178 2275 1204 2328 in

201 2377 256 2412 non
270 2369 429 2430 corruptum
446 2361 537 2428 fuerit,
555 2379 655 2431 nempe
674 2363 711 2414 ho
730 2372 757 2415 et
776 2369 813 2415 no
832 2363 1003 2431 permutatis
1024 2361 1203 2416 Amerbachii

202 2447 294 2513 fidem,
311 2465 366 2500 non
385 2448 539 2515 scribentis,
562 2448 602 2502 sic
622 2448 788 2515 inlustrauit,
812 2459 841 2502 ut
863 2467 908 2502 me
929 2460 1002 2503 certe
1019 2449 1107 2502 iudice
1123 2449 1205 2502 anxie
1283 2509 1285 2512 ,

203 2551 312 2603 semper
327 2544 354 2588 et
371 2544 435 2588 ante
453 2534 548 2588 omnia
564 2534 692 2588 uideatur
708 2536 939 2604 perpendendum
956 2536 1023 2605 quid
1037 2535 1081 2588 ille
1095 2535 1122 2587 in
1136 2553 1204 2604 apo·

201 2622 308 2690 grapho
322 2638 371 2675 suo
387 2620 448 2688 (A),
462 2631 489 2675 et
502 2622 649 2690 praecipue
663 2640 748 2675 manu
766 2623 863 2691 prima,
878 2623 1024 2691 scripserit.

237 2723 274 2775 35
288 2708 333 2760 fin.
365 2717 393 2760 at
420 2708 542 2761 Catilina
563 2725 619 2762 non
645 2709 756 2777 segnius
787 2720 853 2763 uota
882 2709 951 2763 obiit
981 2727 1066 2778 quam
1092 2709 1203 2763 sceleris

203 2794 323 2849 conandi
356 2795 472 2848 consilia
497 2795 627 2849 intererat
658 2797 760 2865 quippe
784 2796 934 2850 fortissime
960 2795 1096 2850 dimicans
1121 2814 1205 2866 quem

201 2881 325 2950 spiritum
341 2881 473 2951 supplitio
487 2883 621 2937 debuerat
635 2884 765 2939 reddidit.
778 2885 815 2937 A.

237 2978 302 3022 uota
314 2972 356 3024 P:
376 2980 443 3023 nota
456 2971 558 3024 Burer.
615 2971 712 3026 inierat
725 2972 760 3026 P.
819 2989 845 3042 q.
859 2989 899 3041 sp.
912 2971 1047 3041 supplicio
1060 2973 1205 3040 debuerat,

202 3056 336 3126 supplicio
349 3057 469 3111 reddidit
482 3059 517 3111 P.

239 3145 349 3198 Incerta
372 3156 415 3199 est
441 3145 576 3199 correctio
601 3147 720 3200 Acidalii
745 3154 844 3200 conata
872 3149 956 3214 obiit3
989 3148 1053 3202 audi
1080 3147 1204 3218 Lipsium

202 3230 303 3299 ‘probe
316 3232 401 3286 etiam
427 3239 494 3285 uota
507 3234 590 3287 obiit:
612 3251 645 3287 ea
658 3250 729 3302 quae
743 3245 858 3288 uouerat
871 3233 1128 3304 destinaueratque.'

239 3319 271 3370 ln
284 3319 387 3373 ultimis
413 3319 474 3384 illis,
499 3337 580 3388 quem
602 3323 736 3388 spiritum
760 3323 896 3390 sirpplitio
920 3321 1050 3374 debuerat
1074 3321 1204 3386 reddidit,

202 3405 304 3474 duplex
326 3405 396 3459 ratio
420 3407 590 3460 emendandi
616 3407 767 3461 subicitur:
796 3418 844 3462 aut
865 3409 940 3462 enim
965 3408 1033 3461 ordo
1057 3408 1205 3461 uerborum

202 3493 291 3545 Vellei
310 3511 343 3547 ex
361 3500 420 3546 toto
440 3511 553 3563 pessum
576 3494 657 3547 datus
680 3503 730 3557 est,
750 3513 801 3548 nec
821 3495 927 3548 restitui
949 3493 1048 3563 poterit
1067 3493 1120 3548 nisi
1141 3494 1206 3548 scri-

201 3579 296 3632 bendo
312 3596 391 3648 quem
404 3581 461 3634 deb.
475 3581 612 3650 supplicio
630 3583 773 3648 spiritum,
787 3582 926 3635 reddidit:
947 3591 993 3635 aut
1014 3580 1115 3634 excidit
1135 3581 1206 3634 anti-

202 3667 299 3721 theton
325 3668 399 3737 quod
419 3668 490 3722 soret
514 3668 658 3736 supplicio.
702 3669 766 3721 Hoc
785 3668 808 3721 si
834 3685 897 3721 curn
920 3669 1057 3736 supplicio
1082 3667 1206 3722 similiter

203 3754 328 3808 sonuisse
338 3753 517 3821 concesseris,
533 3771 604 3823 quae
624 3754 776 3807 assonandi
790 3755 859 3808 ratio
879 3773 896 3807 a
909 3754 1015 3808 Velleio
1031 3754 1207 3825 frequentata

202 3853 255 3910 est,
265 3844 305 3911 (N
308 3843 390 3909 ovdk,
400 3860 446 3912 pp.
460 3841 559 3909 42-44)
570 3841 728 3895 antitheton
739 3841 805 3895 illud
814 3841 913 3911 poterit
925 3859 987 3897 esse
996 3843 1138 3912 maleficio.
1159 3841 1206 3897 Sic

681 3951 726 4002 155
