3010 4520
609 473 738 533 LIBER
760 473 792 532 II
826 524 829 530 .

200 639 349 718 reliquiae,
379 639 485 701 Italico
515 641 603 714 bello,
632 659 694 718 quo
720 639 847 718 quidem
876 639 1007 700 Romani
1037 639 1123 701 uictis
1151 642 1202 700 ad·

201 737 355 815 flictisque
375 737 431 815 ipsi
459 737 599 798 exarmati
623 757 714 816 quam
741 727 847 814 integri
875 737 1020 798 uniuersis
1049 738 1200 799 ciuitatem

201 837 272 896 dare
296 837 471 909 maluerunt,
497 836 685 895 consulatum
708 833 840 898 inierunt
863 835 900 909 Q.
924 834 1085 912 Pompeius
1110 846 1140 896 et
1165 837 1198 896 1,

201 932 358 995 Cornelius
383 935 472 1006 Sulla,
497 932 543 992 uir
569 931 622 1009 qui
649 951 748 1009 neque
774 933 814 992 ad
842 933 932 992 finem
960 933 1103 994 uictoriae
1130 933 1200 994 satis
1218 953 1237 1037 ‘q

173 1028 314 1100 5laudari
341 1050 440 1108 neque
466 1040 534 1106 post
566 1028 721 1089 uictoriam
753 1030 874 1090 abunde
901 1029 1060 1107 uituperari
1092 1042 1198 1108 potest.
1234 1050 1236 1059 ¹

195 1127 250 1188 'hic
274 1139 361 1188 natus
388 1127 499 1187 familia
526 1126 628 1200 nobili,
657 1138 756 1187 sextus
783 1146 802 1185 a
829 1126 970 1188 Cornelio
999 1129 1120 1201 Rufina,
1149 1127 1227 1205 quir

201 1227 281 1287 bello
303 1225 406 1302 Pyrrhi
426 1225 502 1286 inter
522 1223 729 1286 celeberrimos
750 1226 844 1284 fuerat
865 1227 966 1298 duces,
982 1245 1051 1284 cum
1072 1217 1201 1286 familiae

201 1321 265 1384 eius
286 1322 431 1383 claritudo
451 1321 618 1383 intermissa
635 1332 721 1395 esset,
741 1320 794 1382 diu
811 1321 852 1381 ita
871 1342 903 1382 se
922 1321 1018 1399 gessit,
1035 1332 1068 1381 ut
1088 1324 1201 1381 nullam

201 1419 325 1497 petendi
341 1421 528 1480 consulatum
547 1419 758 1498 cogitationem
775 1420 885 1480 habere
904 1419 1070 1479 uideretur:
1091 1419 1231 1492 deinde3

159 1539 190 1574 10
202 1528 270 1594 post
294 1528 461 1593 praeturam
485 1517 655 1577 inlustratus
680 1517 760 1577 bello
783 1515 889 1576 Italico
913 1527 942 1576 et
963 1527 1032 1576 ante
1052 1515 1084 1575 in
1106 1514 1203 1576 Gallia

202 1613 350 1690 legatione
378 1614 434 1673 sub
460 1613 566 1686 Mario,
592 1632 651 1690 qua
675 1613 926 1673 eminentissimos
954 1615 1046 1673 duces
1070 1611 1202 1672 hostium

201 1712 325 1784 fuderat,
351 1731 387 1771 ex
409 1729 548 1771 successu
572 1710 706 1771 animum
731 1710 856 1787 sumpsit
880 1721 1045 1788 petensque
1069 1712 1204 1770 consula-

202 1818 265 1867 tum
286 1827 382 1884 paene
403 1807 538 1868 omnium
559 1807 670 1867 ciuium
692 1806 835 1884 suffragiis
855 1809 950 1868 factus
971 1819 1015 1868 est
1025 1829 1034 1882 3
1058 1809 1112 1867 sed
1133 1827 1202 1867 eum

203 1906 348 1965 honorem
378 1905 707 1983 undequinquagesimo
738 1904 842 1965 aetatis
873 1925 943 1966 suae
973 1925 1053 1966 anno
1080 1908 1203 1966 adsecu-

160 2013 188 2066 15
203 2012 250 2063 tus
271 2014 323 2063 est

242 2102 299 2160 Per
325 2121 362 2161 ea
385 2111 519 2178 tempora
547 2101 744 2175 Mithridates,
774 2101 916 2162 Ponticus
943 2122 1001 2175 rex,
1031 2101 1076 2162 uir
1102 2121 1201 2180 neque
1213 2108 1248 2166 18

201 2195 333 2258 silendus
355 2217 452 2274 neque
470 2198 617 2259 dicendus
634 2198 698 2260 sine
717 2218 795 2272 cura,
814 2200 893 2259 bello
910 2199 1077 2273 acerrimus,
1093 2199 1202 2260 uirtute

202 2293 335 2367 eximius,
358 2293 519 2372 aliquando
541 2297 668 2369 fortuna,
692 2315 809 2373 semper
831 2295 932 2356 animo
955 2296 1109 2370 maximus,
1133 2317 1203 2358 con-

202 2391 273 2451 siliis
288 2393 357 2464 dux,
369 2391 454 2453 miles
469 2413 568 2467 manu,
581 2393 652 2454 odio
667 2393 697 2453 in
714 2397 868 2454 Romanos
881 2394 1044 2468 Hannibal,
1057 2407 1204 2472 occupata

159 2508 189 2542 20
202 2489 273 2550 Asia
300 2489 474 2568 necatisque
500 2490 532 2550 in
562 2511 598 2551 ea
625 2491 765 2552 omnibus
796 2491 913 2552 ciuibus
942 2493 1095 2567 Romanis,
1125 2514 1229 2570 quosr

202 2586 324 2663 quidem
349 2589 456 2647 eadem
479 2587 530 2648 die
553 2599 643 2665 atque
667 2590 740 2648 hora
761 2588 884 2648 redditis
908 2588 1078 2650 ciuitatibus
1098 2590 1202 2651 litteris

201 2683 314 2762 ingenti
342 2705 411 2745 curn
439 2684 652 2762 pollicitatione
679 2686 877 2762 praemiorum
905 2686 1041 2747 interemi
1069 2687 1200 2761 iusserat,

202 2801 263 2859 quo
277 2794 412 2860 tempore
425 2803 524 2861 neque
537 2783 709 2844 fortitudine
723 2785 865 2849 aduersus
882 2783 1086 2844 Mithridatem
1104 2804 1202 2862 neque
1216 2801 1230 2847 3

202 2880 262 2939 tide
275 2879 307 2939 in
327 2883 482 2941 Romanos
499 2881 657 2958 quisquam
677 2881 805 2941 Rhodiis
823 2901 876 2958 par
894 2881 949 2941 fuit
971 2882 1090 2960 (horum
1112 2883 1203 2942 fidem

159 2999 187 3047 ²5
204 2976 453 3054 Mytilenaeorum
467 2977 591 3054 pertidia
603 2976 801 3050 inluminauit,
817 2977 869 3054 qui
884 2979 934 3038 Μ’.
952 2978 1106 3055 Aquilium
1120 2978 1206 3038 alios

203 3093 263 3150 que
278 3073 445 3134 Mithridati
459 3074 576 3135 uinctos
591 3075 782 3148 tradiderunt,
799 3073 908 3151 quibus
927 3074 1046 3135 libertas
1065 3075 1097 3134 in
1116 3075 1204 3135 unius

203 3170 398 3247 Theophanis
418 3171 541 3248 gratiam
562 3183 666 3249 postea
685 3192 703 3231 a
724 3171 870 3247 Pompeio
892 3170 1025 3256 restituta
1045 3170 1111 3251 est),
1135 3192 1204 3232 cum

238 3326 409 3374 aexanimati
433 3325 576 3374 Mommsen
642 3327 735 3388 integri
760 3327 897 3375 Heinsius:
928 3326 1034 3387 integris
1057 3326 1126 3376 AP:
1154 3328 1204 3389 ipsi

204 3392 341 3440 exarmatis
358 3406 435 3452 quam
452 3392 545 3453 integri
565 3392 692 3440 uniuersis
712 3392 784 3441 Cobet
856 3393 949 3453 integri
967 3408 1019 3440 non
1036 3395 1135 3441 euersis
1151 3393 1205 3456 Ieep

204 3456 428 3519 3inieruntqueA
441 3473 447 3504 :
464 3457 670 3506 inienrntCu.P
717 3457 783 3518 9ss
865 3457 985 3506 6nobilis
1002 3457 1028 3504 A
1111 3474 1205 3520 9con·

204 3524 302 3572 sulatus
313 3522 402 3572 Novak
408 3523 566 3586 probabiliter
663 3539 691 3571 11
709 3525 794 3584 legato
806 3539 840 3571 ne
851 3522 877 3569 A
929 3537 981 3584 qua
995 3523 1122 3573 Gelenius:
1139 3539 1205 3586 quae

204 3588 259 3636 ΑΡ
347 3604 376 3649 13
394 3594 496 3636 creatus
508 3588 552 3636 del.
565 3592 588 3634 et
600 3595 720 3650 suprascr.
735 3589 816 3636 lactus
827 3587 854 3634 A
957 3589 986 3634 18
999 3594 1058 3651 post
1068 3588 1205 3650 aliquando

204 3654 230 3701 A
248 3655 319 3702 labet
328 3656 446 3718 scn'ptum
458 3653 486 3701 id
495 3653 562 3715 qnod
571 3653 670 3716 ambigo
682 3671 745 3702 num
756 3654 928 3717 compendium
939 3654 974 3701 sit
982 3655 1094 3703 uocabnli
1103 3655 1206 3702 alicuius

206 3722 226 3780 (l
235 3720 319 3782 simul)
332 3736 366 3768 an
384 3720 447 3767 duae
462 3719 553 3766 litterae
568 3733 659 3779 erasae,
673 3724 701 3766 ut
709 3724 773 3781 puto
783 3719 814 3768 sl.
913 3733 943 3766 21
961 3719 1045 3768 literis
1060 3719 1205 3768 ciuitatibus

203 3785 321 3833 literisA
335 3784 388 3846 (su)
463 3801 495 3834 aa
512 3783 668 3832 interemiA
746 3800 777 3845 24
794 3785 885 3832 horum
898 3783 1050 3832 fideminA
1119 3799 1151 3846 25
1169 3785 1203 3832 ll.

204 3849 263 3909 ΑΡ,
276 3867 323 3900 em.
338 3851 463 3899 Ruhnken
562 3864 594 3911 27
611 3848 729 3910 gratiaA

697 3982 727 4034 ss
1047 3959 1082 4018 3*
1186 3949 1189 3954 ’
