3010 4520
630 447 759 506 LIBER
781 445 801 510 l

210 607 298 683 uiros,
320 613 502 689 Aeschylum
525 614 695 690 Sophocleo
715 613 887 691 Euripiden,
910 613 1075 674 inlustrauit
1099 625 1211 693 tragoe-

210 708 309 783 diam;
329 730 390 770 una
403 709 530 786 priscam
545 710 625 773 illam
640 723 670 772 et
683 723 815 774 ueterem
829 712 886 772 sub
901 711 1024 774 Cratino
1038 711 1210 790 Aristopha-

207 827 307 892 neque
334 803 364 870 et
392 809 541 886 Eupolide
572 809 780 884 comoediam;
819 831 855 871 ac
889 830 1000 872 nouam
1036 807 1208 892 [caudeam]

209 904 377 966 Menander
403 907 603 984 aequalesque
635 907 698 968 eius
725 906 829 968 nataris
858 907 950 984 magis
987 927 1077 985 quam
1110 908 1208 986 operis

179 1001 344 1064 5Philemo
365 1023 400 1064 ac
423 1003 562 1082 Diphilus
577 1016 614 1064 et
634 1005 776 1066 inuenere
796 1005 872 1066 intra
896 1005 1091 1082 paucissimos
1112 1026 1208 1068 annos

207 1121 304 1178 neque
318 1100 494 1162 imitandam
508 1101 659 1180 reliquere.
696 1101 943 1180 philosophorum
954 1123 1075 1180 quoque
1089 1102 1209 1182 ingenia
1223 1129 1237 1173 4

207 1199 358 1260 Socratico
379 1220 431 1262 ore
453 1200 615 1262 defluentia
637 1200 780 1274 omnium,
797 1221 873 1278 quos
891 1202 981 1278 paulo
1000 1212 1069 1262 ante
1086 1221 1207 1264 enume-

205 1296 343 1370 rauimus,
352 1309 467 1375 quanto
476 1309 545 1376 post
556 1298 688 1359 Platonis
700 1298 926 1376 Aristotelisque
941 1309 1067 1360 mortem
1081 1301 1207 1360 floruere

206 1395 323 1470 spatio?
357 1395 430 1473 quid
452 1409 532 1458 rante
564 1399 726 1470 Isocraten,
755 1397 829 1475 quid
859 1407 927 1474 post
959 1396 1022 1458 eius
1054 1397 1234 1461 auditores5

161 1511 368 1570 locorumque
386 1493 557 1570 discipulos,
578 1497 690 1556 clarum
714 1495 745 1555 in
770 1495 935 1556 oratoribus
960 1494 1036 1554 fuit?
1076 1496 1154 1555 adeo
1175 1496 1209 1554 id

205 1590 328 1666 quidem
346 1602 482 1677 artatum
506 1592 648 1669 angustiis
676 1604 853 1670 temporum,
883 1604 915 1654 ut
943 1611 1034 1652 nemo
1062 1592 1206 1654 memoria

205 1687 312 1763 dignus
325 1689 399 1750 alter
412 1688 451 1748 ab
464 1690 557 1752 altero
570 1689 666 1750 uideri
680 1690 853 1768 nequiuerit.

183 1785 187 1798 '
246 1787 353 1862 Neque
374 1787 432 1848 hoc
453 1785 484 1848 in
505 1787 627 1848 Graecis
650 1808 740 1865 quam
760 1787 792 1848 in
814 1787 960 1850 Romanis
979 1786 1082 1848 euenit
1100 1785 1201 1866 magis.
1219 1797 1250 1856 17

205 1903 274 1942 nam
288 1883 346 1944 nisi
359 1903 463 1961 aspera
476 1905 512 1944 ac
522 1885 607 1948 rudia
617 1896 732 1962 repetas
743 1896 772 1946 et
783 1885 898 1946 inuenti
907 1886 1058 1948 amanda
1072 1883 1202 1959 nomine,

160 1999 188 2048 15
204 1982 235 2042 in
256 1981 350 2042 Accio
373 1981 510 2063 circaque
532 2003 602 2044 eum
622 1984 761 2044 Romana
781 1983 933 2061 tragoedia
951 1994 997 2044 est
1007 2005 1016 2057 ‚·
1038 1983 1203 2060 dulcesque

204 2079 302 2140 Latini
337 2079 444 2157 leporis
478 2080 602 2144 facetiae
632 2101 685 2158 per
712 2081 876 2144 Caecilium
907 2080 1142 2158 Terentiumque
1174 2091 1204 2140 et

203 2178 358 2239 Afranium
386 2179 506 2256 suppari
532 2189 629 2240 aetate
656 2179 829 2256 nituerunt.¹
858 2179 1015 2240 historicos
1043 2177 1141 2252 etiam,
1171 2189 1233 2238 uta

204 2277 323 2338 Liuium
353 2297 474 2354 quoque
502 2277 634 2354 priorum
669 2277 759 2338 aetati
793 2280 936 2351 adstruas,
967 2287 1082 2354 praeter
1116 2276 1205 2337 Cato

202 2395 272 2435 nem
293 2385 323 2436 et
343 2377 491 2452 quosdam
519 2386 633 2436 ueteres
656 2386 686 2436 et
710 2375 853 2438 obscuros
881 2373 980 2434 minus
1002 2391 1090 2434 cxxx
1117 2371 1203 2434 annis

157 2489 187 2524 20
202 2472 418 2533 circumdatum
443 2493 552 2532 aeuum
577 2473 651 2546 tulit,
677 2483 710 2534 ut
732 2493 789 2534 nec
816 2483 971 2549 poetarum
996 2471 1027 2532 in
1051 2469 1204 2547 antiquius

203 2570 360 2632 citeriusue
381 2569 525 2647 processit
547 2570 673 2630 ubertas.
716 2581 747 2630 at
769 2569 863 2630 oratio
882 2589 918 2630 ac
936 2568 982 2629 uis
1000 2564 1125 2628 sorensis
1140 2583 1231 2644 per-3

200 2671 372 2746 lectumque
403 2688 509 2745 prosae
536 2667 724 2744 eloquentiae
752 2669 853 2740 decus,
882 2678 915 2728 ut
942 2666 1023 2728 idem
1051 2677 1202 2743 separetur

203 2767 279 2826 Cato
295 2766 381 2846 (pace
396 2767 428 2824 P.
444 2764 544 2827 Crassi
558 2763 766 2843 Scipionisque
788 2777 820 2825 et
839 2765 922 2826 Laeli
944 2776 974 2825 et
996 2765 1201 2825 Gracchorum

237 2936 249 2968 1
267 2919 416 2982 Sophoclea
431 2917 573 2982 Euripiden
584 2921 610 2969 A
623 2937 629 2968 τ
652 2920 728 2969 -clem
745 2922 815 2969 -dem
827 2920 853 2969 P
923 2920 1069 2982 tragoedias
1081 2918 1139 2980 ΑΡ,
1153 2934 1200 2969 ern.

121 3029 124 3035 .
203 2987 339 3035 Bumrann
431 3001 447 3034 a
464 2993 516 3035 una
527 2987 552 3035 A
619 2985 846 3048 Aristophaneque
864 2992 890 3033 et
908 2985 999 3034 Orelli:
1016 2983 1201 3046 Aristophane·

203 3052 290 3112 queA
302 3069 309 3101 :
325 3051 499 3114 Aristophane
510 3051 574 3100 etP
645 3067 663 3112 Ἰς.)
681 3051 859 3114 Eupolideque
884 3051 1022 3112 Gudeman,
1039 3051 1102 3111 fort.
1123 3056 1200 3112 atque

203 3116 329 3179 Eupolide
428 3125 454 3166 at
469 3117 555 3165 Aldus
653 3118 776 3168 comicam
791 3116 850 3178 ΑΡ,
864 3116 932 3180 quod
943 3115 1077 3174 uindicauit
1091 3115 1201 3162 Thomas

203 3198 266 3230 num
284 3197 309 3232 n.
321 3182 389 3231 uiam
407 3185 506 3232 comta
530 3183 687 3232 comoediam
706 3182 803 3232 Gruner
965 3197 980 3241 4
999 3181 1142 3229 Menander
1155 3181 1199 3228 A:

202 3247 361 3296 Menandros
377 3248 403 3296 P
499 3263 551 3296 non
569 3248 625 3299 add.
644 3247 755 3311 Madut'g
765 3253 824 3311 post
840 3247 903 3305 eius,
919 3251 978 3312 post
999 3246 1090 3294 aetatis
1113 3245 1201 3293 Haase

201 3328 216 3374 5
234 3312 350 3362 Philemo
361 3313 406 3362 A:
424 3312 559 3362 Philemon
574 3314 601 3363 P
695 3315 712 3362 6
728 3314 851 3362 imitanda
861 3311 919 3376 ΑΡ,
933 3328 980 3362 em
993 3311 1063 3360 Anat
1123 3309 1198 3358 relin·

200 3379 315 3440 quereA
384 3395 398 3440 7
415 3380 492 3442 paulo
501 3379 575 3443 ante]
586 3380 628 3428 ‘in
635 3381 793 3443 parteopm's
804 3379 938 3443 depardr'ta'
950 3377 1010 3427 Iani
1072 3377 1089 3424 8
1105 3383 1199 3438 quarto

200 3444 225 3491 A
293 3443 403 3493 tluruere
415 3444 440 3492 A
535 3461 552 3506 9
570 3444 710 3495 Isocratem
721 3443 775 3492 AP
860 3459 891 3493 ro
907 3445 932 3493 id
944 3443 1002 3491 add.
1014 3443 1117 3490 Haase:
1133 3443 1199 3490 adeo

200 3510 302 3570 quidem
317 3510 372 3559 ΑΡ
470 3525 499 3557 ra
515 3510 624 3560 abalter
637 3510 669 3558 ab
683 3509 764 3558 altero
775 3509 801 3558 A
817 3509 872 3574 (sic)
937 3507 1082 3570 nequiuerit
1093 3506 1198 3556 Aldus:

201 3576 364 3636 nequiuerint
374 3574 429 3623 ΑΡ
527 3589 557 3635 15
574 3576 691 3638 circaque
706 3591 795 3623 eorum
804 3575 863 3638 AF,
875 3575 919 3622 sed
927 3574 1010 3622 Burer
1021 3574 1127 3636 ‘legitur
1135 3573 1199 3620 alias

201 3641 318 3702 circaque
341 3639 481 3704 quorum’:
508 3642 626 3702 circaque
646 3657 705 3690 eum
726 3641 785 3689 conr'.
805 3641 901 3688 Burer:
918 3639 979 3700 fort.
1000 3639 1118 3700 circaque
1138 3651 1197 3686 eum

199 3706 313 3766 priorum
474 3721 504 3769 17
521 3707 624 3769 suppari
647 3712 698 3756 aet.
716 3706 861 3754 Andalaasr
888 3706 936 3756 sub
955 3704 1065 3766 paritate
1082 3705 1127 3750 A:
1149 3702 1197 3751 sub

199 3773 253 3831 pari
271 3779 356 3821 aetate
371 3772 398 3821 P
510 3780 536 3821 et
553 3779 581 3820 ut
598 3771 665 3820 AP:
685 3772 764 3821 ‘altas
780 3778 808 3819 ut
825 3770 864 3820 &⁹
881 3771 977 3818 Bam:
1001 3771 1078 3818 etiam
1094 3775 1122 3816 ut
1137 3766 1198 3815 Voss

199 3839 229 3883 18
246 3838 384 3887 astruasP
452 3852 485 3886 ao
502 3853 549 3886 nec
560 3837 600 3886 P:
617 3854 650 3887 ne
661 3838 688 3886 A
788 3851 820 3897 23
838 3836 903 3885 Lelii
914 3835 959 3887 A:
978 3835 1057 3884 laelii
1068 3832 1094 3881 P

678 3957 706 4010 17
1053 3941 1069 3994 2
