<?xml version="1.0" encoding="UTF-8"?>
<!DOCTYPE html PUBLIC "-//W3C//DTD XHTML 1.0 Transitional//EN"
    "http://www.w3.org/TR/xhtml1/DTD/xhtml1-transitional.dtd">
<html xmlns="http://www.w3.org/1999/xhtml" xml:lang="en" lang="en">
 <head>
  <title>
</title>
<meta http-equiv="Content-Type" content="text/html;charset=utf-8" />
  <meta name='ocr-system' content='tesseract 3.04.00' />
  <meta name='ocr-capabilities' content='ocr_page ocr_carea ocr_par ocr_line ocrx_word'/>
</head>
<body>
  <div class='ocr_page' id='page_1' title='image "./velleipaterculi00elligoog_0194.png"; bbox 0 0 3024 4568; ppageno 0'>
   <div class='ocr_carea' id='block_1_1' title="bbox 427 421 1032 484">
    <p class='ocr_par' dir='ltr' id='par_1_1' title="bbox 427 421 1032 484">
     <span class='ocr_line' id='line_1_1' title="bbox 427 421 1032 484; baseline 0.008 -5"><span class='ocrx_word' id='word_1_1' title='bbox 427 421 473 479; x_wconf 94' lang='lat' dir='ltr'>IN</span> <span class='ocrx_word' id='word_1_2' title='bbox 495 422 719 480; x_wconf 90' lang='lat' dir='ltr'>VELLEIVM</span> <span class='ocrx_word' id='word_1_3' title='bbox 741 424 1032 484; x_wconf 84' lang='lat' dir='ltr'>PATERCVLVM</span> 
     </span>
    </p>
   </div>
   <div class='ocr_carea' id='block_1_2' title="bbox 214 587 1231 2515">
    <p class='ocr_par' dir='ltr' id='par_1_2' title="bbox 262 587 907 659">
     <span class='ocr_line' id='line_1_2' title="bbox 262 587 907 659; baseline 0.006 -17"><span class='ocrx_word' id='word_1_4' title='bbox 262 590 299 657; x_wconf 86' lang='lat'>58</span> <span class='ocrx_word' id='word_1_5' title='bbox 316 602 327 642; x_wconf 93' lang='lat'>1</span> <span class='ocrx_word' id='word_1_6' title='bbox 349 604 404 658; x_wconf 94' lang='lat' dir='ltr'>quo</span> <span class='ocrx_word' id='word_1_7' title='bbox 417 604 492 642; x_wconf 90' lang='lat' dir='ltr'>anno</span> <span class='ocrx_word' id='word_1_8' title='bbox 505 587 534 642; x_wconf 94' lang='lat' dir='ltr'>id</span> <span class='ocrx_word' id='word_1_9' title='bbox 547 588 576 642; x_wconf 92' lang='lat' dir='ltr'>id</span> <span class='ocrx_word' id='word_1_10' title='bbox 590 599 734 659; x_wconf 87' lang='lat' dir='ltr'>patrauere</span> <span class='ocrx_word' id='word_1_11' title='bbox 747 589 855 645; x_wconf 83' lang='lat' dir='ltr'>facinus</span> <span class='ocrx_word' id='word_1_12' title='bbox 868 593 907 646; x_wconf 90' lang='lat' dir='ltr'>A.</span> 
     </span>
    </p>

    <p class='ocr_par' dir='ltr' id='par_1_3' title="bbox 261 674 430 730">
     <span class='ocr_line' id='line_1_3' title="bbox 261 674 430 730; baseline 0.012 -2"><span class='ocrx_word' id='word_1_13' title='bbox 261 674 289 730; x_wconf 91' lang='lat' dir='ltr'>id</span> <span class='ocrx_word' id='word_1_14' title='bbox 301 676 386 728; x_wconf 82' lang='lat' dir='ltr'>semel</span> <span class='ocrx_word' id='word_1_15' title='bbox 396 677 430 730; x_wconf 87' lang='lat' dir='ltr'>P.</span> 
     </span>
    </p>

    <p class='ocr_par' dir='ltr' id='par_1_4' title="bbox 223 762 1231 1369">
     <span class='ocr_line' id='line_1_4' title="bbox 261 762 1228 838; baseline 0.008 -23"><span class='ocrx_word' id='word_1_16' title='bbox 261 764 307 816; x_wconf 91' lang='lat' dir='ltr'>Ne</span> <span class='ocrx_word' id='word_1_17' title='bbox 331 762 378 816; x_wconf 89' lang='lat' dir='ltr'>hic</span> <span class='ocrx_word' id='word_1_18' title='bbox 401 762 537 834; x_wconf 66' lang='lat' dir='ltr'>quidem</span> <span class='ocrx_word' id='word_1_19' title='bbox 551 772 581 817; x_wconf 90' lang='lat' dir='ltr'>ut</span> <span class='ocrx_word' id='word_1_20' title='bbox 606 779 659 818; x_wconf 89' lang='lat' dir='ltr'>nec</span> <span class='ocrx_word' id='word_1_21' title='bbox 684 763 712 818; x_wconf 92' lang='lat' dir='ltr'>in</span> <span class='ocrx_word' id='word_1_22' title='bbox 732 780 775 833; x_wconf 87' lang='lat'>49.</span> <span class='ocrx_word' id='word_1_23' title='bbox 796 781 813 832; x_wconf 83' lang='lat'><strong>4</strong></span> <span class='ocrx_word' id='word_1_24' title='bbox 837 767 945 838; x_wconf 77' lang='lat' dir='ltr'><em>legione</em></span> <span class='ocrx_word' id='word_1_25' title='bbox 968 785 1010 835; x_wconf 80' lang='lat' dir='ltr'>ne,</span> <span class='ocrx_word' id='word_1_26' title='bbox 1036 785 1112 822; x_wconf 92' lang='lat' dir='ltr'>mero</span> <span class='ocrx_word' id='word_1_27' title='bbox 1136 786 1228 824; x_wconf 87' lang='lat' dir='ltr'>errore</span> 
     </span>
     <span class='ocr_line' id='line_1_5' title="bbox 224 852 1226 930; baseline 0.008 -23"><span class='ocrx_word' id='word_1_28' title='bbox 224 852 420 922; x_wconf 86' lang='lat' dir='ltr'>geminationis</span> <span class='ocrx_word' id='word_1_29' title='bbox 433 855 554 908; x_wconf 86' lang='lat' dir='ltr'>eandem</span> <span class='ocrx_word' id='word_1_30' title='bbox 567 854 704 922; x_wconf 86' lang='lat' dir='ltr'>syllabam</span> <span class='ocrx_word' id='word_1_31' title='bbox 717 856 864 926; x_wconf 83' lang='lat' dir='ltr'>repetitam</span> <span class='ocrx_word' id='word_1_32' title='bbox 881 874 959 912; x_wconf 87' lang='lat' dir='ltr'>reor:</span> <span class='ocrx_word' id='word_1_33' title='bbox 978 859 1095 914; x_wconf 89' lang='lat' dir='ltr'>alterum</span> <span class='ocrx_word' id='word_1_34' title='bbox 1108 861 1142 914; x_wconf 86' lang='lat' dir='ltr'>id</span> <span class='ocrx_word' id='word_1_35' title='bbox 1151 861 1226 930; x_wconf 89' lang='lat' dir='ltr'>quod</span> 
     </span>
     <span class='ocr_line' id='line_1_6' title="bbox 223 936 1231 1018; baseline 0.003 -18"><span class='ocrx_word' id='word_1_36' title='bbox 223 955 266 1000; x_wconf 93' lang='lat' dir='ltr'>est</span> <span class='ocrx_word' id='word_1_37' title='bbox 279 945 308 998; x_wconf 92' lang='lat' dir='ltr'>in</span> <span class='ocrx_word' id='word_1_38' title='bbox 320 946 349 999; x_wconf 89' lang='lat' dir='ltr'><em>A</em></span> <span class='ocrx_word' id='word_1_39' title='bbox 364 961 398 999; x_wconf 89' lang='lat' dir='ltr'>ex</span> <span class='ocrx_word' id='word_1_40' title='bbox 416 947 459 999; x_wconf 85' lang='lat' dir='ltr'>ita</span> <span class='ocrx_word' id='word_1_41' title='bbox 478 944 567 1015; x_wconf 89' lang='lat' dir='ltr'>potuit</span> <span class='ocrx_word' id='word_1_42' title='bbox 586 945 660 1014; x_wconf 88' lang='lat' dir='ltr'>duci,</span> <span class='ocrx_word' id='word_1_43' title='bbox 674 947 912 1016; x_wconf 86' lang='lat' dir='ltr'>quemadmodum</span> <span class='ocrx_word' id='word_1_44' title='bbox 928 949 969 1017; x_wconf 80' lang='lat'>56.</span> <span class='ocrx_word' id='word_1_45' title='bbox 981 963 999 1015; x_wconf 89' lang='lat'>4</span> <span class='ocrx_word' id='word_1_46' title='bbox 1011 936 1089 1018; x_wconf 72' lang='lat' dir='ltr'>quoii</span> <span class='ocrx_word' id='word_1_47' title='bbox 1103 951 1138 1003; x_wconf 86' lang='lat' dir='ltr'>ab</span> <span class='ocrx_word' id='word_1_48' title='bbox 1154 967 1185 1002; x_wconf 85' lang='lat' dir='ltr'>eo</span> <span class='ocrx_word' id='word_1_49' title='bbox 1196 951 1231 1003; x_wconf 84' lang='lat' dir='ltr'>id</span> 
     </span>
     <span class='ocr_line' id='line_1_7' title="bbox 223 1034 1228 1106; baseline 0.003 -19"><span class='ocrx_word' id='word_1_50' title='bbox 223 1034 369 1104; x_wconf 74' lang='lat' dir='ltr'>repulsum</span> <span class='ocrx_word' id='word_1_51' title='bbox 384 1039 446 1086; x_wconf 84' lang='lat' dir='ltr'>erat</span> <span class='ocrx_word' id='word_1_52' title='bbox 463 1043 537 1088; x_wconf 92' lang='lat' dir='ltr'>recte</span> <span class='ocrx_word' id='word_1_53' title='bbox 556 1051 573 1086; x_wconf 91' lang='lat' dir='ltr'>a</span> <span class='ocrx_word' id='word_1_54' title='bbox 591 1035 732 1088; x_wconf 87' lang='lat' dir='ltr'>Rhenano</span> <span class='ocrx_word' id='word_1_55' title='bbox 748 1035 826 1104; x_wconf 83' lang='lat' dir='ltr'>quod</span> <span class='ocrx_word' id='word_1_56' title='bbox 840 1035 874 1089; x_wconf 87' lang='lat' dir='ltr'>ab</span> <span class='ocrx_word' id='word_1_57' title='bbox 892 1054 922 1090; x_wconf 84' lang='lat' dir='ltr'>eo</span> <span class='ocrx_word' id='word_1_58' title='bbox 940 1038 982 1089; x_wconf 89' lang='lat' dir='ltr'>ita</span> <span class='ocrx_word' id='word_1_59' title='bbox 1002 1038 1144 1106; x_wconf 75' lang='lat' dir='ltr'>repulsum</span> <span class='ocrx_word' id='word_1_60' title='bbox 1166 1042 1228 1091; x_wconf 87' lang='lat' dir='ltr'>erat</span> 
     </span>
     <span class='ocr_line' id='line_1_8' title="bbox 223 1122 1226 1195; baseline 0.004 -20"><span class='ocrx_word' id='word_1_61' title='bbox 223 1123 405 1176; x_wconf 90' lang='lat' dir='ltr'>emendatum</span> <span class='ocrx_word' id='word_1_62' title='bbox 430 1132 481 1177; x_wconf 90' lang='lat' dir='ltr'>est.</span> <span class='ocrx_word' id='word_1_63' title='bbox 518 1122 694 1177; x_wconf 90' lang='lat' dir='ltr'>Velleianum</span> <span class='ocrx_word' id='word_1_64' title='bbox 718 1133 760 1177; x_wconf 92' lang='lat' dir='ltr'>est</span> <span class='ocrx_word' id='word_1_65' title='bbox 790 1123 830 1178; x_wconf 90' lang='lat' dir='ltr'>sic</span> <span class='ocrx_word' id='word_1_66' title='bbox 858 1125 1029 1195; x_wconf 88' lang='lat' dir='ltr'>amplificare</span> <span class='ocrx_word' id='word_1_67' title='bbox 1058 1141 1226 1180; x_wconf 84' lang='lat' dir='ltr'>sermonem.</span> 
     </span>
     <span class='ocr_line' id='line_1_9' title="bbox 224 1212 1227 1282; baseline 0.001 -16"><span class='ocrx_word' id='word_1_68' title='bbox 224 1214 296 1279; x_wconf 82' lang='lat'><strong><em>78.2</em></strong></span> <span class='ocrx_word' id='word_1_69' title='bbox 315 1213 430 1266; x_wconf 81' lang='lat' dir='ltr'>interim</span> <span class='ocrx_word' id='word_1_70' title='bbox 443 1216 501 1282; x_wconf 70' lang='lat' dir='ltr'>per</span> <span class='ocrx_word' id='word_1_71' title='bbox 516 1212 583 1266; x_wconf 76' lang='lat' dir='ltr'>haec</span> <span class='ocrx_word' id='word_1_72' title='bbox 600 1215 733 1282; x_wconf 74' lang='lat' dir='ltr'>tempora.</span> <span class='ocrx_word' id='word_1_73' title='bbox 770 1225 812 1280; x_wconf 89' lang='lat'>77.</span> <span class='ocrx_word' id='word_1_74' title='bbox 831 1228 847 1266; x_wconf 88' lang='lat'>2</span> <span class='ocrx_word' id='word_1_75' title='bbox 864 1215 897 1266; x_wconf 84' lang='lat' dir='ltr'>id</span> <span class='ocrx_word' id='word_1_76' title='bbox 916 1231 1004 1267; x_wconf 87' lang='lat' dir='ltr'>unum</span> <span class='ocrx_word' id='word_1_77' title='bbox 1026 1214 1227 1267; x_wconf 83' lang='lat' dir='ltr'>tantummodo.</span> 
     </span>
     <span class='ocr_line' id='line_1_10' title="bbox 224 1299 675 1369; baseline 0 -17"><span class='ocrx_word' id='word_1_78' title='bbox 224 1312 266 1368; x_wconf 88' lang='lat'>73.</span> <span class='ocrx_word' id='word_1_79' title='bbox 279 1315 296 1368; x_wconf 83' lang='lat'><em>3</em></span> <span class='ocrx_word' id='word_1_80' title='bbox 309 1302 416 1368; x_wconf 87' lang='lat' dir='ltr'>istum,</span> <span class='ocrx_word' id='word_1_81' title='bbox 429 1305 462 1353; x_wconf 87' lang='lat' dir='ltr'>ut</span> <span class='ocrx_word' id='word_1_82' title='bbox 469 1299 675 1369; x_wconf 76' lang='lat' dir='ltr'>praediximus.</span> 
     </span>
    </p>

    <p class='ocr_par' dir='ltr' id='par_1_5' title="bbox 222 1386 1225 1529">
     <span class='ocr_line' id='line_1_11' title="bbox 259 1386 1225 1458; baseline 0.001 -17"><span class='ocrx_word' id='word_1_83' title='bbox 259 1401 326 1455; x_wconf 84' lang='lat'>591</span> <span class='ocrx_word' id='word_1_84' title='bbox 349 1387 384 1441; x_wconf 94' lang='lat' dir='ltr'>de</span> <span class='ocrx_word' id='word_1_85' title='bbox 404 1386 482 1442; x_wconf 89' lang='lat' dir='ltr'>cuius</span> <span class='ocrx_word' id='word_1_86' title='bbox 504 1387 609 1456; x_wconf 86' lang='lat' dir='ltr'>origine</span> <span class='ocrx_word' id='word_1_87' title='bbox 629 1387 714 1442; x_wconf 90' lang='lat' dir='ltr'>etiam</span> <span class='ocrx_word' id='word_1_88' title='bbox 736 1386 758 1442; x_wconf 91' lang='lat' dir='ltr'>si</span> <span class='ocrx_word' id='word_1_89' title='bbox 781 1388 925 1456; x_wconf 89' lang='lat' dir='ltr'>praeuenit</span> <span class='ocrx_word' id='word_1_90' title='bbox 947 1397 975 1442; x_wconf 91' lang='lat' dir='ltr'>et</span> <span class='ocrx_word' id='word_1_91' title='bbox 996 1403 1086 1458; x_wconf 86' lang='lat' dir='ltr'>pauca</span> <span class='ocrx_word' id='word_1_92' title='bbox 1105 1387 1225 1442; x_wconf 88' lang='lat' dir='ltr'>dicenda</span> 
     </span>
     <span class='ocr_line' id='line_1_12' title="bbox 222 1475 372 1529; baseline -0.007 -1"><span class='ocrx_word' id='word_1_93' title='bbox 222 1483 294 1528; x_wconf 90' lang='lat' dir='ltr'>sunt.</span> <span class='ocrx_word' id='word_1_94' title='bbox 306 1475 372 1529; x_wconf 85' lang='grc' dir='ltr'>ΑΡ.</span> 
     </span>
    </p>

    <p class='ocr_par' dir='ltr' id='par_1_6' title="bbox 214 1561 1225 2515">
     <span class='ocr_line' id='line_1_13' title="bbox 259 1561 1225 1632; baseline 0.002 -18"><span class='ocrx_word' id='word_1_95' title='bbox 259 1562 394 1632; x_wconf 86' lang='lat' dir='ltr'>Loquitur</span> <span class='ocrx_word' id='word_1_96' title='bbox 406 1562 442 1616; x_wconf 92' lang='lat' dir='ltr'>de</span> <span class='ocrx_word' id='word_1_97' title='bbox 455 1561 584 1629; x_wconf 87' lang='lat' dir='ltr'>Octauio,</span> <span class='ocrx_word' id='word_1_98' title='bbox 599 1571 701 1632; x_wconf 91' lang='lat' dir='ltr'>nepote</span> <span class='ocrx_word' id='word_1_99' title='bbox 715 1561 845 1616; x_wconf 88' lang='lat' dir='ltr'>Caesaris</span> <span class='ocrx_word' id='word_1_100' title='bbox 864 1561 967 1617; x_wconf 91' lang='lat' dir='ltr'>sororis</span> <span class='ocrx_word' id='word_1_101' title='bbox 987 1562 1082 1628; x_wconf 91' lang='lat' dir='ltr'>Iuliae,</span> <span class='ocrx_word' id='word_1_102' title='bbox 1095 1563 1143 1632; x_wconf 92' lang='lat' dir='ltr'>qui</span> <span class='ocrx_word' id='word_1_103' title='bbox 1161 1579 1225 1616; x_wconf 93' lang='lat' dir='ltr'>mox</span> 
     </span>
     <span class='ocr_line' id='line_1_14' title="bbox 225 1651 1223 1721; baseline 0 -17"><span class='ocrx_word' id='word_1_104' title='bbox 225 1651 396 1705; x_wconf 88' lang='lat' dir='ltr'>Octauianus</span> <span class='ocrx_word' id='word_1_105' title='bbox 421 1668 455 1704; x_wconf 89' lang='lat' dir='ltr'>ex</span> <span class='ocrx_word' id='word_1_106' title='bbox 476 1651 639 1720; x_wconf 87' lang='lat' dir='ltr'>adoptione,</span> <span class='ocrx_word' id='word_1_107' title='bbox 661 1659 803 1720; x_wconf 90' lang='lat' dir='ltr'>postremo</span> <span class='ocrx_word' id='word_1_108' title='bbox 824 1653 966 1718; x_wconf 90' lang='lat' dir='ltr'>Augustus</span> <span class='ocrx_word' id='word_1_109' title='bbox 991 1652 1147 1721; x_wconf 89' lang='lat' dir='ltr'>appellatus</span> <span class='ocrx_word' id='word_1_110' title='bbox 1173 1661 1223 1704; x_wconf 90' lang='lat' dir='ltr'>est.</span> 
     </span>
     <span class='ocr_line' id='line_1_15' title="bbox 224 1739 1224 1809; baseline -0.001 -16"><span class='ocrx_word' id='word_1_111' title='bbox 224 1739 316 1794; x_wconf 90' lang='lat' dir='ltr'>Huius</span> <span class='ocrx_word' id='word_1_112' title='bbox 332 1739 402 1794; x_wconf 91' lang='lat' dir='ltr'>tanti</span> <span class='ocrx_word' id='word_1_113' title='bbox 421 1756 486 1794; x_wconf 90' lang='lat' dir='ltr'>mox</span> <span class='ocrx_word' id='word_1_114' title='bbox 498 1739 549 1794; x_wconf 88' lang='lat' dir='ltr'>uin&#39;</span> <span class='ocrx_word' id='word_1_115' title='bbox 563 1739 723 1809; x_wconf 89' lang='lat' dir='ltr'>ingrediens</span> <span class='ocrx_word' id='word_1_116' title='bbox 742 1749 830 1809; x_wconf 79' lang='lat' dir='ltr'>gesta,</span> <span class='ocrx_word' id='word_1_117' title='bbox 843 1739 945 1809; x_wconf 91' lang='lat' dir='ltr'>quibus</span> <span class='ocrx_word' id='word_1_118' title='bbox 963 1739 1091 1809; x_wconf 88' lang='lat' dir='ltr'>princeps</span> <span class='ocrx_word' id='word_1_119' title='bbox 1108 1740 1145 1794; x_wconf 96' lang='lat' dir='ltr'>ad</span> <span class='ocrx_word' id='word_1_120' title='bbox 1161 1739 1224 1794; x_wconf 90' lang='lat' dir='ltr'>ulti-</span> 
     </span>
     <span class='ocr_line' id='line_1_16' title="bbox 222 1826 1223 1897; baseline -0.001 -16"><span class='ocrx_word' id='word_1_121' title='bbox 222 1843 300 1881; x_wconf 90' lang='lat' dir='ltr'>mum</span> <span class='ocrx_word' id='word_1_122' title='bbox 312 1828 402 1881; x_wconf 87' lang='lat' dir='ltr'>factus</span> <span class='ocrx_word' id='word_1_123' title='bbox 419 1836 461 1881; x_wconf 91' lang='lat' dir='ltr'>est</span> <span class='ocrx_word' id='word_1_124' title='bbox 475 1826 596 1882; x_wconf 90' lang='lat' dir='ltr'>Romani</span> <span class='ocrx_word' id='word_1_125' title='bbox 610 1827 741 1895; x_wconf 91' lang='lat' dir='ltr'>nominis,</span> <span class='ocrx_word' id='word_1_126' title='bbox 755 1845 811 1880; x_wconf 91' lang='lat' dir='ltr'>non</span> <span class='ocrx_word' id='word_1_127' title='bbox 829 1827 929 1880; x_wconf 88' lang='lat' dir='ltr'>mirum</span> <span class='ocrx_word' id='word_1_128' title='bbox 943 1826 966 1880; x_wconf 91' lang='lat' dir='ltr'>si</span> <span class='ocrx_word' id='word_1_129' title='bbox 985 1828 1107 1882; x_wconf 86' lang='lat' dir='ltr'>Velleius</span> <span class='ocrx_word' id='word_1_130' title='bbox 1120 1827 1223 1897; x_wconf 90' lang='lat' dir='ltr'>paulis-</span> 
     </span>
     <span class='ocr_line' id='line_1_17' title="bbox 222 1914 1223 1986; baseline -0.001 -17"><span class='ocrx_word' id='word_1_131' title='bbox 222 1933 272 1985; x_wconf 86' lang='lat' dir='ltr'>per</span> <span class='ocrx_word' id='word_1_132' title='bbox 284 1915 312 1968; x_wconf 92' lang='lat' dir='ltr'>in</span> <span class='ocrx_word' id='word_1_133' title='bbox 331 1932 432 1984; x_wconf 82' lang='lat' dir='ltr'>genere</span> <span class='ocrx_word' id='word_1_134' title='bbox 443 1924 472 1969; x_wconf 88' lang='lat' dir='ltr'>et</span> <span class='ocrx_word' id='word_1_135' title='bbox 485 1915 590 1984; x_wconf 89' lang='lat' dir='ltr'>origine</span> <span class='ocrx_word' id='word_1_136' title='bbox 603 1915 662 1969; x_wconf 89' lang='lat' dir='ltr'>eius</span> <span class='ocrx_word' id='word_1_137' title='bbox 681 1915 844 1969; x_wconf 85' lang='lat' dir='ltr'>immoratus</span> <span class='ocrx_word' id='word_1_138' title='bbox 863 1925 914 1982; x_wconf 91' lang='lat' dir='ltr'>est,</span> <span class='ocrx_word' id='word_1_139' title='bbox 928 1914 1081 1985; x_wconf 91' lang='lat' dir='ltr'>anticipato</span> <span class='ocrx_word' id='word_1_140' title='bbox 1098 1925 1223 1986; x_wconf 90' lang='lat' dir='ltr'>tempore</span> 
     </span>
     <span class='ocr_line' id='line_1_18' title="bbox 222 2003 1223 2075; baseline 0 -18"><span class='ocrx_word' id='word_1_141' title='bbox 222 2004 335 2059; x_wconf 91' lang='lat' dir='ltr'>maioris</span> <span class='ocrx_word' id='word_1_142' title='bbox 348 2003 499 2074; x_wconf 89' lang='lat' dir='ltr'>potentiae.</span> <span class='ocrx_word' id='word_1_143' title='bbox 532 2006 631 2075; x_wconf 91' lang='lat' dir='ltr'>Itaque</span> <span class='ocrx_word' id='word_1_144' title='bbox 640 2003 799 2073; x_wconf 88' lang='lat' dir='ltr'>scripserim</span> <span class='ocrx_word' id='word_1_145' title='bbox 811 2005 896 2056; x_wconf 85' lang='lat' dir='ltr'>etiam</span> <span class='ocrx_word' id='word_1_146' title='bbox 906 2005 934 2057; x_wconf 87' lang='lat' dir='ltr'>si</span> <span class='ocrx_word' id='word_1_147' title='bbox 938 2006 1113 2074; x_wconf 73' lang='lat' dir='ltr'>praeueniet,</span> <span class='ocrx_word' id='word_1_148' title='bbox 1123 2005 1223 2073; x_wconf 91' lang='lat' dir='ltr'>quibus</span> 
     </span>
     <span class='ocr_line' id='line_1_19' title="bbox 222 2093 1223 2164; baseline 0 -16"><span class='ocrx_word' id='word_1_149' title='bbox 222 2094 314 2149; x_wconf 90' lang='lat' dir='ltr'>uerbis</span> <span class='ocrx_word' id='word_1_150' title='bbox 327 2094 429 2149; x_wconf 81' lang='lat' dir='ltr'>fatetur</span> <span class='ocrx_word' id='word_1_151' title='bbox 441 2093 533 2164; x_wconf 88' lang='lat' dir='ltr'>aptius</span> <span class='ocrx_word' id='word_1_152' title='bbox 553 2111 584 2148; x_wconf 93' lang='lat' dir='ltr'>se</span> <span class='ocrx_word' id='word_1_153' title='bbox 597 2094 632 2148; x_wconf 93' lang='lat' dir='ltr'>de</span> <span class='ocrx_word' id='word_1_154' title='bbox 650 2093 756 2162; x_wconf 88' lang='lat' dir='ltr'>origine</span> <span class='ocrx_word' id='word_1_155' title='bbox 768 2093 886 2162; x_wconf 88' lang='lat' dir='ltr'>Augusti</span> <span class='ocrx_word' id='word_1_156' title='bbox 904 2104 963 2148; x_wconf 89' lang='lat' dir='ltr'>tum</span> <span class='ocrx_word' id='word_1_157' title='bbox 982 2094 1120 2149; x_wconf 89' lang='lat' dir='ltr'>dicturum</span> <span class='ocrx_word' id='word_1_158' title='bbox 1138 2093 1223 2148; x_wconf 83' lang='lat' dir='ltr'>fuisse</span> 
     </span>
     <span class='ocr_line' id='line_1_20' title="bbox 222 2182 1222 2252; baseline 0 -16"><span class='ocrx_word' id='word_1_159' title='bbox 222 2199 286 2236; x_wconf 90' lang='lat' dir='ltr'>cum</span> <span class='ocrx_word' id='word_1_160' title='bbox 305 2183 343 2236; x_wconf 87' lang='lat' dir='ltr'>ad</span> <span class='ocrx_word' id='word_1_161' title='bbox 361 2191 529 2237; x_wconf 84' lang='lat' dir='ltr'>maturatam</span> <span class='ocrx_word' id='word_1_162' title='bbox 548 2191 718 2252; x_wconf 87' lang='lat' dir='ltr'>potestatem</span> <span class='ocrx_word' id='word_1_163' title='bbox 737 2192 901 2252; x_wconf 87' lang='lat' dir='ltr'>peruentum</span> <span class='ocrx_word' id='word_1_164' title='bbox 924 2193 1015 2249; x_wconf 84' lang='lat' dir='ltr'>esset3</span> <span class='ocrx_word' id='word_1_165' title='bbox 1045 2182 1094 2236; x_wconf 90' lang='lat' dir='ltr'>sed</span> <span class='ocrx_word' id='word_1_166' title='bbox 1113 2183 1222 2251; x_wconf 88' lang='lat' dir='ltr'>magni-</span> 
     </span>
     <span class='ocr_line' id='line_1_21' title="bbox 220 2269 1225 2340; baseline 0.001 -18"><span class='ocrx_word' id='word_1_167' title='bbox 220 2269 316 2324; x_wconf 85' lang='lat' dir='ltr'>tudine</span> <span class='ocrx_word' id='word_1_168' title='bbox 338 2269 390 2323; x_wconf 90' lang='lat' dir='ltr'>uiri</span> <span class='ocrx_word' id='word_1_169' title='bbox 412 2280 519 2324; x_wconf 89' lang='lat' dir='ltr'>motum</span> <span class='ocrx_word' id='word_1_170' title='bbox 545 2286 697 2340; x_wconf 89' lang='lat' dir='ltr'>occupasse</span> <span class='ocrx_word' id='word_1_171' title='bbox 722 2270 758 2324; x_wconf 93' lang='lat' dir='ltr'>de</span> <span class='ocrx_word' id='word_1_172' title='bbox 777 2269 941 2340; x_wconf 87' lang='lat' dir='ltr'>parentibus</span> <span class='ocrx_word' id='word_1_173' title='bbox 960 2270 1059 2325; x_wconf 88' lang='lat' dir='ltr'>dicere.</span> <span class='ocrx_word' id='word_1_174' title='bbox 1098 2272 1225 2324; x_wconf 79' lang='lat' dir='ltr'>Etiamsi</span> 
     </span>
     <span class='ocr_line' id='line_1_22' title="bbox 215 2357 1225 2429; baseline -0.001 -18"><span class='ocrx_word' id='word_1_175' title='bbox 215 2361 383 2428; x_wconf 73' lang='lat' dir='ltr'>praeueniet</span> <span class='ocrx_word' id='word_1_176' title='bbox 399 2376 438 2413; x_wconf 87' lang='lat' dir='ltr'>sc.</span> <span class='ocrx_word' id='word_1_177' title='bbox 458 2375 547 2429; x_wconf 91' lang='lat' dir='ltr'>pauca</span> <span class='ocrx_word' id='word_1_178' title='bbox 566 2358 674 2425; x_wconf 89' lang='lat' dir='ltr'>dicere;</span> <span class='ocrx_word' id='word_1_179' title='bbox 695 2357 770 2412; x_wconf 89' lang='lat' dir='ltr'>idem</span> <span class='ocrx_word' id='word_1_180' title='bbox 789 2359 878 2428; x_wconf 90' lang='lat' dir='ltr'>potuit</span> <span class='ocrx_word' id='word_1_181' title='bbox 898 2358 938 2412; x_wconf 93' lang='lat' dir='ltr'>sic</span> <span class='ocrx_word' id='word_1_182' title='bbox 955 2358 1100 2413; x_wconf 89' lang='lat' dir='ltr'>enuntiare</span> <span class='ocrx_word' id='word_1_183' title='bbox 1112 2360 1225 2411; x_wconf 80' lang='lat' dir='ltr'>etiamsi</span> 
     </span>
     <span class='ocr_line' id='line_1_23' title="bbox 214 2445 869 2515; baseline 0.003 -17"><span class='ocrx_word' id='word_1_184' title='bbox 214 2447 430 2514; x_wconf 77' lang='lat' dir='ltr'>praeuerterim,</span> <span class='ocrx_word' id='word_1_185' title='bbox 446 2445 541 2512; x_wconf 73' lang='lat' dir='ltr'>(etium</span> <span class='ocrx_word' id='word_1_186' title='bbox 553 2447 749 2515; x_wconf 74' lang='lat' dir='ltr'>pramertcnti</span> <span class='ocrx_word' id='word_1_187' title='bbox 760 2445 869 2514; x_wconf 85' lang='lat' dir='ltr'>Orelli).</span> 
     </span>
    </p>
   </div>
   <div class='ocr_carea' id='block_1_3' title="bbox 256 2532 1221 2603">
    <p class='ocr_par' dir='ltr' id='par_1_7' title="bbox 256 2532 1221 2603">
     <span class='ocr_line' id='line_1_24' title="bbox 256 2532 1221 2603; baseline -0.002 -15"><span class='ocrx_word' id='word_1_188' title='bbox 256 2535 297 2588; x_wconf 81' lang='lat'>60</span> <span class='ocrx_word' id='word_1_189' title='bbox 311 2549 327 2581; x_wconf 75' lang='lat' dir='ltr'>a</span> <span class='ocrx_word' id='word_1_190' title='bbox 349 2533 480 2588; x_wconf 87' lang='lat' dir='ltr'>dictitans</span> <span class='ocrx_word' id='word_1_191' title='bbox 497 2533 575 2588; x_wconf 78' lang='lat' dir='ltr'>nefas</span> <span class='ocrx_word' id='word_1_192' title='bbox 594 2551 656 2588; x_wconf 88' lang='lat' dir='ltr'>esse</span> <span class='ocrx_word' id='word_1_193' title='bbox 676 2550 731 2603; x_wconf 92' lang='lat' dir='ltr'>quo</span> <span class='ocrx_word' id='word_1_194' title='bbox 751 2534 870 2587; x_wconf 70' lang='lat' dir='ltr'>nomine·</span> <span class='ocrx_word' id='word_1_195' title='bbox 887 2533 1001 2587; x_wconf 88' lang='lat' dir='ltr'>Caesari</span> <span class='ocrx_word' id='word_1_196' title='bbox 1024 2532 1125 2601; x_wconf 90' lang='lat' dir='ltr'>dignus</span> <span class='ocrx_word' id='word_1_197' title='bbox 1148 2542 1221 2586; x_wconf 88' lang='lat' dir='ltr'>esset</span> 
     </span>
    </p>
   </div>
   <div class='ocr_carea' id='block_1_4' title="bbox 220 2623 824 2740">
    <p class='ocr_par' dir='ltr' id='par_1_8' title="bbox 220 2623 824 2740">
     <span class='ocr_line' id='line_1_25' title="bbox 727 2635 741 2658; baseline 0 0"><span class='ocrx_word' id='word_1_198' title='bbox 727 2635 741 2658; x_wconf 75' lang='grc' dir='ltr'>ΙΙ</span> 
     </span>
     <span class='ocr_line' id='line_1_26' title="bbox 220 2623 824 2740; baseline 0.003 -16"><span class='ocrx_word' id='word_1_199' title='bbox 220 2669 296 2724; x_wconf 90' lang='lat' dir='ltr'>uisus</span> <span class='ocrx_word' id='word_1_200' title='bbox 310 2680 398 2725; x_wconf 89' lang='lat' dir='ltr'>semet</span> <span class='ocrx_word' id='word_1_201' title='bbox 411 2669 503 2740; x_wconf 90' lang='lat' dir='ltr'>ipsum</span> <span class='ocrx_word' id='word_1_202' title='bbox 518 2623 664 2739; x_wconf 72' lang='lat' dir='ltr'>indigrium</span> <span class='ocrx_word' id='word_1_203' title='bbox 676 2670 772 2725; x_wconf 88' lang='lat' dir='ltr'>uideri.</span> <span class='ocrx_word' id='word_1_204' title='bbox 784 2672 824 2726; x_wconf 89' lang='lat' dir='ltr'>A.</span> 
     </span>
    </p>
   </div>
   <div class='ocr_carea' id='block_1_5' title="bbox 216 2756 1221 3894">
    <p class='ocr_par' dir='ltr' id='par_1_9' title="bbox 255 2756 547 2826">
     <span class='ocr_line' id='line_1_27' title="bbox 255 2756 547 2826; baseline 0.003 -16"><span class='ocrx_word' id='word_1_205' title='bbox 255 2756 342 2811; x_wconf 89' lang='lat' dir='ltr'>uiden&#39;</span> <span class='ocrx_word' id='word_1_206' title='bbox 356 2758 502 2826; x_wconf 89' lang='lat' dir='ltr'>indignum</span> <span class='ocrx_word' id='word_1_207' title='bbox 513 2759 547 2811; x_wconf 92' lang='lat' dir='ltr'>P.</span> 
     </span>
    </p>

    <p class='ocr_par' dir='ltr' id='par_1_10' title="bbox 219 2843 1221 3002">
     <span class='ocr_line' id='line_1_28' title="bbox 256 2843 1221 2917; baseline 0.002 -20"><span class='ocrx_word' id='word_1_208' title='bbox 256 2845 459 2899; x_wconf 87' lang='lat' dir='ltr'>Praeferendus</span> <span class='ocrx_word' id='word_1_209' title='bbox 473 2845 562 2899; x_wconf 90' lang='lat' dir='ltr'>eratis</span> <span class='ocrx_word' id='word_1_210' title='bbox 575 2845 644 2898; x_wconf 93' lang='lat' dir='ltr'>ordo</span> <span class='ocrx_word' id='word_1_211' title='bbox 655 2846 803 2899; x_wconf 90' lang='lat' dir='ltr'>uerborum</span> <span class='ocrx_word' id='word_1_212' title='bbox 811 2862 895 2917; x_wconf 89' lang='lat' dir='ltr'>quem</span> <span class='ocrx_word' id='word_1_213' title='bbox 905 2844 933 2899; x_wconf 87' lang='lat' dir='ltr'><em>A</em></span> <span class='ocrx_word' id='word_1_214' title='bbox 945 2844 1042 2899; x_wconf 91' lang='lat' dir='ltr'>habuit</span> <span class='ocrx_word' id='word_1_215' title='bbox 1055 2861 1072 2898; x_wconf 92' lang='lat' dir='ltr'>a</span> <span class='ocrx_word' id='word_1_216' title='bbox 1084 2861 1120 2898; x_wconf 91' lang='lat' dir='ltr'>m.</span> <span class='ocrx_word' id='word_1_217' title='bbox 1131 2843 1221 2914; x_wconf 83' lang='lat' dir='ltr'>pn‘ma</span> 
     </span>
     <span class='ocr_line' id='line_1_29' title="bbox 219 2932 1135 3002; baseline -0.001 -17"><span class='ocrx_word' id='word_1_218' title='bbox 219 2933 369 3002; x_wconf 70' lang='lat' dir='ltr'>indignum</span> <span class='ocrx_word' id='word_1_219' title='bbox 383 2934 483 2987; x_wconf 70' lang='lat' dir='ltr'>uideri.</span> <span class='ocrx_word' id='word_1_220' title='bbox 522 2934 577 2986; x_wconf 90' lang='lat' dir='ltr'>Pro</span> <span class='ocrx_word' id='word_1_221' title='bbox 589 2940 673 2986; x_wconf 85' lang='lat' dir='ltr'>semet</span> <span class='ocrx_word' id='word_1_222' title='bbox 684 2932 803 2986; x_wconf 89' lang='lat' dir='ltr'>Vrsinus</span> <span class='ocrx_word' id='word_1_223' title='bbox 816 2932 918 2986; x_wconf 89' lang='lat' dir='ltr'>rectius</span> <span class='ocrx_word' id='word_1_224' title='bbox 931 2932 1009 2990; x_wconf 90' lang='lat' dir='ltr'>dedit</span> <span class='ocrx_word' id='word_1_225' title='bbox 1021 2932 1135 2986; x_wconf 82' lang='lat' dir='ltr'>sibi&#39;met.</span> 
     </span>
    </p>

    <p class='ocr_par' dir='ltr' id='par_1_11' title="bbox 216 3019 1220 3361">
     <span class='ocr_line' id='line_1_30' title="bbox 255 3019 1220 3090; baseline 0.001 -17"><span class='ocrx_word' id='word_1_226' title='bbox 255 3022 327 3086; x_wconf 81' lang='lat'>604</span> <span class='ocrx_word' id='word_1_227' title='bbox 346 3019 504 3074; x_wconf 87' lang='lat' dir='ltr'>sestertium</span> <span class='ocrx_word' id='word_1_228' title='bbox 524 3022 646 3090; x_wconf 90' lang='lat' dir='ltr'>septiens</span> <span class='ocrx_word' id='word_1_229' title='bbox 664 3020 775 3074; x_wconf 93' lang='lat' dir='ltr'>miliens</span> <span class='ocrx_word' id='word_1_230' title='bbox 792 3021 950 3090; x_wconf 90' lang='lat' dir='ltr'>depositum</span> <span class='ocrx_word' id='word_1_231' title='bbox 969 3039 987 3075; x_wconf 90' lang='lat' dir='ltr'>a</span> <span class='ocrx_word' id='word_1_232' title='bbox 1000 3023 1030 3076; x_wconf 88' lang='lat' dir='ltr'>C.</span> <span class='ocrx_word' id='word_1_233' title='bbox 1046 3021 1166 3074; x_wconf 87' lang='lat' dir='ltr'>Caesare</span> <span class='ocrx_word' id='word_1_234' title='bbox 1183 3020 1220 3074; x_wconf 90' lang='lat' dir='ltr'>ad</span> 
     </span>
     <span class='ocr_line' id='line_1_31' title="bbox 218 3110 1220 3180; baseline 0 -17"><span class='ocrx_word' id='word_1_235' title='bbox 218 3110 318 3164; x_wconf 90' lang='lat' dir='ltr'>aedem</span> <span class='ocrx_word' id='word_1_236' title='bbox 339 3110 410 3180; x_wconf 92' lang='lat' dir='ltr'>Opis</span> <span class='ocrx_word' id='word_1_237' title='bbox 431 3121 597 3180; x_wconf 89' lang='lat' dir='ltr'>occupatum</span> <span class='ocrx_word' id='word_1_238' title='bbox 617 3112 654 3165; x_wconf 91' lang='lat' dir='ltr'>ab</span> <span class='ocrx_word' id='word_1_239' title='bbox 673 3111 798 3165; x_wconf 85' lang='lat' dir='ltr'>Antonio</span> <span class='ocrx_word' id='word_1_240' title='bbox 817 3121 942 3166; x_wconf 89' lang='lat' dir='ltr'>actorum</span> <span class='ocrx_word' id='word_1_241' title='bbox 962 3111 1088 3165; x_wconf 89' lang='lat' dir='ltr'>eiusdem</span> <span class='ocrx_word' id='word_1_242' title='bbox 1108 3110 1220 3164; x_wconf 89' lang='lat' dir='ltr'>insertis</span> 
     </span>
     <span class='ocr_line' id='line_1_32' title="bbox 216 3198 1220 3270; baseline 0.001 -19"><span class='ocrx_word' id='word_1_243' title='bbox 216 3198 294 3252; x_wconf 86' lang='lat' dir='ltr'>falsis</span> <span class='ocrx_word' id='word_1_244' title='bbox 307 3198 521 3268; x_wconf 87' lang='lat' dir='ltr'>ciuitatibusque</span> <span class='ocrx_word' id='word_1_245' title='bbox 538 3199 673 3270; x_wconf 90' lang='lat' dir='ltr'>corruptis</span> <span class='ocrx_word' id='word_1_246' title='bbox 693 3199 901 3254; x_wconf 89' lang='lat' dir='ltr'>commentariis</span> <span class='ocrx_word' id='word_1_247' title='bbox 920 3210 1002 3269; x_wconf 88' lang='lat' dir='ltr'>atque</span> <span class='ocrx_word' id='word_1_248' title='bbox 1019 3199 1114 3252; x_wconf 90' lang='lat' dir='ltr'>omnia</span> <span class='ocrx_word' id='word_1_249' title='bbox 1130 3199 1220 3268; x_wconf 89' lang='lat' dir='ltr'>pretio</span> 
     </span>
     <span class='ocr_line' id='line_1_33' title="bbox 217 3290 757 3361; baseline 0.002 -18"><span class='ocrx_word' id='word_1_250' title='bbox 217 3299 372 3359; x_wconf 88' lang='lat' dir='ltr'>temperata</span> <span class='ocrx_word' id='word_1_251' title='bbox 384 3290 523 3344; x_wconf 90' lang='lat' dir='ltr'>uendente</span> <span class='ocrx_word' id='word_1_252' title='bbox 536 3308 621 3361; x_wconf 87' lang='lat' dir='ltr'>remp.</span> <span class='ocrx_word' id='word_1_253' title='bbox 636 3293 757 3345; x_wconf 90' lang='lat' dir='ltr'>consule.</span> 
     </span>
    </p>

    <p class='ocr_par' dir='ltr' id='par_1_12' title="bbox 216 3377 1219 3791">
     <span class='ocr_line' id='line_1_34' title="bbox 254 3377 1218 3449; baseline 0.001 -19"><span class='ocrx_word' id='word_1_254' title='bbox 254 3377 348 3432; x_wconf 89' lang='lat' dir='ltr'>Prima</span> <span class='ocrx_word' id='word_1_255' title='bbox 362 3379 405 3434; x_wconf 91' lang='lat' dir='ltr'>ed.</span> <span class='ocrx_word' id='word_1_256' title='bbox 420 3378 572 3449; x_wconf 93' lang='lat' dir='ltr'>Bipontina</span> <span class='ocrx_word' id='word_1_257' title='bbox 587 3379 711 3434; x_wconf 90' lang='lat' dir='ltr'>exhibuit</span> <span class='ocrx_word' id='word_1_258' title='bbox 724 3380 752 3434; x_wconf 92' lang='lat' dir='ltr'>id</span> <span class='ocrx_word' id='word_1_259' title='bbox 766 3380 839 3449; x_wconf 92' lang='lat' dir='ltr'>quod</span> <span class='ocrx_word' id='word_1_260' title='bbox 852 3378 974 3449; x_wconf 90' lang='lat' dir='ltr'>plerique</span> <span class='ocrx_word' id='word_1_261' title='bbox 991 3387 1053 3448; x_wconf 89' lang='lat' dir='ltr'>post</span> <span class='ocrx_word' id='word_1_262' title='bbox 1067 3377 1218 3432; x_wconf 88' lang='lat' dir='ltr'>Krausium</span> 
     </span>
     <span class='ocr_line' id='line_1_35' title="bbox 216 3469 1219 3542; baseline -0.003 -18"><span class='ocrx_word' id='word_1_263' title='bbox 216 3471 363 3526; x_wconf 90' lang='lat' dir='ltr'>ediderunt</span> <span class='ocrx_word' id='word_1_264' title='bbox 380 3474 509 3542; x_wconf 74' lang='lat' dir='ltr'>corrupti</span> <span class='ocrx_word' id='word_1_265' title='bbox 523 3475 732 3527; x_wconf 72' lang='lat' dir='ltr'>commentarii:</span> <span class='ocrx_word' id='word_1_266' title='bbox 756 3470 838 3525; x_wconf 90' lang='lat' dir='ltr'>‘nam</span> <span class='ocrx_word' id='word_1_267' title='bbox 858 3485 921 3524; x_wconf 92' lang='lat' dir='ltr'>cum</span> <span class='ocrx_word' id='word_1_268' title='bbox 935 3469 1085 3539; x_wconf 89' lang='lat' dir='ltr'>praecedat</span> <span class='ocrx_word' id='word_1_269' title='bbox 1105 3472 1219 3538; x_wconf 69' lang='lat' dir='ltr'>occupa·</span> 
     </span>
     <span class='ocr_line' id='line_1_36' title="bbox 216 3557 1218 3629; baseline -0.002 -17"><span class='ocrx_word' id='word_1_270' title='bbox 216 3564 286 3625; x_wconf 88' lang='lat' dir='ltr'>tum,</span> <span class='ocrx_word' id='word_1_271' title='bbox 297 3567 427 3629; x_wconf 90' lang='lat' dir='ltr'>sequatur</span> <span class='ocrx_word' id='word_1_272' title='bbox 436 3564 598 3629; x_wconf 75' lang='lat' dir='ltr'>temperata,</span> <span class='ocrx_word' id='word_1_273' title='bbox 609 3577 725 3614; x_wconf 88' lang='lat' dir='ltr'>necesse</span> <span class='ocrx_word' id='word_1_274' title='bbox 737 3570 780 3613; x_wconf 90' lang='lat' dir='ltr'>est</span> <span class='ocrx_word' id='word_1_275' title='bbox 793 3558 916 3613; x_wconf 89' lang='lat' dir='ltr'>medium</span> <span class='ocrx_word' id='word_1_276' title='bbox 929 3558 1086 3611; x_wconf 89' lang='lat' dir='ltr'>membrum</span> <span class='ocrx_word' id='word_1_277' title='bbox 1099 3557 1218 3611; x_wconf 90' lang='lat' dir='ltr'>eandem</span> 
     </span>
     <span class='ocr_line' id='line_1_37' title="bbox 217 3644 1219 3715; baseline -0.001 -16"><span class='ocrx_word' id='word_1_278' title='bbox 217 3648 321 3701; x_wconf 89' lang='lat' dir='ltr'>habere</span> <span class='ocrx_word' id='word_1_279' title='bbox 334 3647 568 3702; x_wconf 88' lang='lat' dir='ltr'>constructionem</span> <span class='ocrx_word' id='word_1_280' title='bbox 585 3648 662 3702; x_wconf 90' lang='lat' dir='ltr'>uerbi</span> <span class='ocrx_word' id='word_1_281' title='bbox 675 3647 745 3702; x_wconf 89' lang='lat' dir='ltr'>finiti</span> <span class='ocrx_word' id='word_1_282' title='bbox 760 3646 818 3702; x_wconf 88' lang='lat' dir='ltr'>sine</span> <span class='ocrx_word' id='word_1_283' title='bbox 832 3648 917 3701; x_wconf 91' lang='lat' dir='ltr'>uerbo</span> <span class='ocrx_word' id='word_1_284' title='bbox 930 3644 1104 3700; x_wconf 88' lang='lat' dir='ltr'>substantiuo</span> <span class='ocrx_word' id='word_1_285' title='bbox 1117 3644 1219 3715; x_wconf 87' lang='lat' dir='ltr'>positi‚&#39;</span> 
     </span>
     <span class='ocr_line' id='line_1_38' title="bbox 217 3734 545 3791; baseline 0 -2"><span class='ocrx_word' id='word_1_286' title='bbox 217 3745 246 3789; x_wconf 93' lang='lat' dir='ltr'>ut</span> <span class='ocrx_word' id='word_1_287' title='bbox 260 3734 351 3788; x_wconf 91' lang='lat' dir='ltr'>uerbis</span> <span class='ocrx_word' id='word_1_288' title='bbox 364 3745 425 3789; x_wconf 88' lang='lat' dir='ltr'>utar</span> <span class='ocrx_word' id='word_1_289' title='bbox 440 3734 545 3791; x_wconf 86' lang='lat' dir='ltr'>Kritzii.</span> 
     </span>
    </p>

    <p class='ocr_par' dir='ltr' id='par_1_13' title="bbox 254 3821 1218 3894">
     <span class='ocr_line' id='line_1_39' title="bbox 254 3821 1218 3894; baseline -0.003 -16"><span class='ocrx_word' id='word_1_290' title='bbox 254 3824 310 3880; x_wconf 89' lang='lat' dir='ltr'>Hic</span> <span class='ocrx_word' id='word_1_291' title='bbox 324 3841 386 3879; x_wconf 91' lang='lat' dir='ltr'>cum</span> <span class='ocrx_word' id='word_1_292' title='bbox 400 3825 436 3879; x_wconf 92' lang='lat' dir='ltr'>ad</span> <span class='ocrx_word' id='word_1_293' title='bbox 454 3834 547 3881; x_wconf 90' lang='lat' dir='ltr'>cetera</span> <span class='ocrx_word' id='word_1_294' title='bbox 566 3824 770 3894; x_wconf 87' lang='lat' dir='ltr'>expediendum</span> <span class='ocrx_word' id='word_1_295' title='bbox 783 3822 925 3878; x_wconf 91' lang='lat' dir='ltr'>Ciceronis</span> <span class='ocrx_word' id='word_1_296' title='bbox 945 3823 1030 3877; x_wconf 88' lang='lat' dir='ltr'>uerba</span> <span class='ocrx_word' id='word_1_297' title='bbox 1048 3821 1170 3877; x_wconf 89' lang='lat' dir='ltr'>attulerit</span> <span class='ocrx_word' id='word_1_298' title='bbox 1182 3821 1218 3875; x_wconf 92' lang='lat' dir='ltr'>de</span> 
     </span>
    </p>
   </div>
   <div class='ocr_carea' id='block_1_6' title="bbox 693 3921 738 3986">
    <p class='ocr_par' dir='ltr' id='par_1_14' title="bbox 693 3921 738 3986">
     <span class='ocr_line' id='line_1_40' title="bbox 693 3921 738 3986; baseline 0 -15"><span class='ocrx_word' id='word_1_299' title='bbox 693 3921 738 3986; x_wconf 84' lang='lat'>165</span> 
     </span>
    </p>
   </div>
   <div class='ocr_carea' id='block_1_7' title="bbox 0 0 1516 4568">
    <p class='ocr_par' dir='ltr' id='par_1_15' title="bbox 0 0 1516 4568">
     <span class='ocr_line' id='line_1_41' title="bbox 0 0 1516 4568; baseline 0 3"><span class='ocrx_word' id='word_1_300' title='bbox 0 0 1516 4568; x_wconf 95' lang='lat' dir='ltr'> </span> 
     </span>
    </p>
   </div>
  </div>
 </body>
</html>
