2996 4520
590 434 720 494 LIBER
742 435 774 494 II

192 619 259 660 cum
274 599 408 677 protinus
423 620 458 660 ex
468 598 575 660 uicinis
586 599 753 678 legionibus
765 598 952 662 centuriones
964 617 1048 660 suam
1059 616 1191 658 suorum·
1205 615 1219 666 5

192 718 250 775 que
265 697 391 758 militum
406 717 527 774 operam
539 697 567 757 ei
580 697 790 775 pollicerentur
803 716 901 774 neque
912 717 978 756 eam
993 695 1191 772 spernendam

192 795 378 856 Saluidienus
390 799 429 856 'et
450 795 582 873 Agrippa
599 796 740 868 dicerent,
758 795 808 855 ille
829 795 970 855 festinans
989 792 1144 871 peruenire
1160 791 1192 851 in

192 894 296 952 urbem
306 913 427 953 omnem
439 892 656 953 ordinationem
671 905 701 953 et
715 892 796 953 necis
811 903 840 952 et
859 891 1028 952 testamenti
1042 887 1191 950 Brundisii

164 1011 177 1060 5
193 990 344 1068 comperit.
375 990 423 1050 cui
432 990 747 1051 aduentantiRomam
756 991 883 1051 inmanis
892 990 1055 1051 amicorum
1067 987 1193 1049 occurrit
1206 997 1222 1047 6

192 1089 365 1166 frequentia,
376 1100 405 1148 et
417 1109 485 1148 cum
495 1088 614 1149 intraret
623 1090 736 1162 urbem3
750 1089 820 1150 solis
835 1089 914 1149 orbis
929 1109 1016 1166 super
1026 1098 1115 1164 caput
1130 1086 1193 1146 eius

193 1199 332 1248 curuatus
354 1185 514 1265 aequaliter
530 1189 766 1266 rotundatusque
783 1187 813 1248 in
831 1190 987 1248 tcolorem
1004 1206 1089 1247 arcus
1110 1187 1193 1245 uelut

194 1304 334 1344 coronam
350 1283 423 1344 tanti
437 1304 507 1344 mox
521 1284 576 1344 uiri
590 1284 679 1362 capiti
693 1285 850 1363 imponens
865 1295 1041 1360 conspectus
1056 1295 1108 1343 est.

235 1385 306 1442 Non
315 1382 451 1459 placebat
460 1381 547 1442 Atiae
556 1382 641 1441 matri
651 1381 849 1460 Philippoque
857 1380 962 1440 uitrico
970 1379 1045 1440 adiri
1057 1381 1190 1449 inomen
1205 1385 1248 1443 60

152 1506 182 1541 10
194 1479 360 1540 inuidiosae
384 1481 520 1540 fortunae
544 1479 687 1553 Caesaris,
713 1482 765 1540 sed
790 1480 966 1540 adserebant
991 1477 1127 1538 salutaria
1151 1476 1193 1536 rei

195 1577 333 1656 publicae
350 1589 551 1661 terrarumque
565 1578 645 1638 orbis
663 1580 723 1638 fata
742 1577 927 1638 conditorem
945 1586 1195 1637 conseruatorem-

197 1695 256 1752 que
289 1674 419 1734 Romani
451 1675 589 1735 nominis.
646 1675 756 1752 spreuit
788 1675 888 1752 itaque
916 1673 1049 1734 caelestis
1078 1671 1223 1732 animosa

197 1774 329 1831 humana
342 1771 465 1831 consilia
484 1783 513 1831 et
532 1792 601 1832 cum
618 1771 750 1849 periculo
768 1771 867 1848 potius
885 1790 1002 1830 summa
1020 1789 1111 1847 quam
1131 1779 1196 1827 tuto

198 1867 322 1928 humilia
342 1868 496 1945 proposuit
516 1869 601 1946 sequi
620 1868 782 1946 maluitque
803 1869 953 1928 auunculo
970 1879 1000 1927 et
1019 1864 1139 1928 Caesari
1158 1866 1196 1924 de

155 1995 184 2046 15
199 1988 231 2027 se
253 1986 343 2043 quam
364 1965 469 2026 uitrico
490 1968 617 2040 credere,
640 1967 779 2027 dictitans
800 1969 883 2026 nefas
903 1986 976 2039 esse,
997 1984 1057 2042 quo
1075 1963 1197 2024 nomine

200 2063 320 2126 Caesari
334 2051 441 2141 dignus
461 2075 539 2124 esset
557 2064 646 2138 uisus,
663 2065 782 2126 sibimet
799 2064 896 2143 ipsum
917 2063 1072 2140 indignum
1092 2061 1194 2121 uideri.

199 2164 280 2221 hunc
304 2159 438 2238 protinus
462 2161 611 2222 Antonius
633 2165 737 2222 consul
758 2163 885 2240 superbe
906 2160 1020 2238 excepit
1042 2159 1152 2239 (neque
1173 2159 1227 2226 iss

200 2270 261 2319 erat
276 2269 473 2334 contemptus,
489 2261 543 2319 sed
557 2258 666 2338 metus)
682 2259 790 2338 uixque
804 2259 936 2320 admisso
952 2258 984 2317 in
999 2257 1198 2335 Pompeianos

200 2358 302 2415 hortos
329 2355 473 2432 loquendi
501 2377 602 2417 secum
630 2370 748 2435 tempus
776 2357 867 2430 dedit,
896 2377 967 2416 mox
997 2354 1086 2416 etiam
1116 2357 1199 2414 uelut

157 2478 187 2511 20
200 2452 314 2512 insidiis
349 2452 412 2513 eius
446 2453 555 2531 petitus
586 2457 709 2516 sceleste
739 2454 909 2515 insimulare
939 2452 1046 2530 coepit,
1075 2451 1106 2511 in
1138 2471 1198 2528 quo

200 2549 323 2626 turpiter
346 2553 491 2628 deprensa
515 2551 578 2612 eius
603 2552 718 2612 uanitas
739 2564 791 2612 est
834 2563 934 2628 aperte
955 2550 1065 2610 deinde
1085 2547 1228 2616 Antonia

200 2668 235 2707 ac
250 2648 425 2708 Dolabellae
439 2651 596 2709 consulum
613 2651 652 2710 ad
671 2651 831 2709 nefandam
848 2647 1084 2709 dominationem
1103 2645 1199 2723 erupit

201 2747 287 2805 furor.
332 2747 497 2806 sestertium
515 2747 644 2824 septiens
661 2747 786 2821 miliens,
802 2746 971 2824 depositum
988 2766 1006 2804 a
1021 2746 1054 2807 C.
1072 2745 1199 2806 Caesare

202 2843 241 2902 ad
261 2843 367 2902 aedem
384 2843 467 2920 Opis,
486 2855 664 2922 occupatum
685 2846 724 2904 ab
745 2843 887 2917 Antoni0,
909 2853 1043 2903 actorum
1064 2841 1199 2901 eiusdem

237 3013 249 3044 1
268 3013 340 3046 suam
354 2998 478 3050 Gelenius:
496 3015 555 3048 suas
565 3000 621 3048 ΑΡ
731 3013 747 3049 a
764 2999 917 3062 pollicentur
927 2996 996 3046 BA:
1017 2997 1200 3059 pollicerentur

125 3103 126 3108 ,
204 3061 233 3118 Ρ,
254 3062 329 3125 medo,
349 3080 380 3111 ex
397 3066 489 3114 emend.
510 3065 629 3114 Rhenam'
740 3079 756 3126 4
774 3065 890 3114 ordinem
902 3081 932 3112 ac
944 3064 1069 3112 rationem
1081 3063 1201 3115 Muncker

204 3127 342 3176 Brundusii
362 3129 417 3176 ΑΡ
519 3133 536 3178 6
553 3138 579 3179 et
597 3147 655 3179 cum
670 3131 777 3180 intraret
788 3131 877 3178 urbem
893 3146 943 3178 om.
960 3129 985 3177 in
1003 3133 1079 3186 textu,
1097 3127 1153 3177 add.
1172 3128 1199 3176 in

204 3209 284 3256 marg.
295 3194 322 3241 A
415 3211 429 3256 7
447 3196 563 3244 rutilatus
576 3197 605 3246 G.
616 3197 651 3246 A.
665 3197 751 3246 Koch:
767 3197 878 3246 radiatus
894 3194 1008 3243 Wilhelm
1062 3194 1089 3240 in
1102 3207 1199 3240 morem

203 3274 279 3306 arcus
290 3258 383 3308 Bothe:
400 3260 426 3307 in
438 3261 560 3310 circulum
571 3278 645 3311 arcus
664 3261 763 3311 Halm:
790 3262 818 3323 cſs
840 3261 898 3310 Sm.
919 3259 976 3308 Nat.
990 3259 1032 3321 Qu
1050 3259 1068 3309 i.
1080 3274 1102 3306 2.
1118 3273 1129 3304 1
1148 3273 1199 3306 me·

204 3324 301 3372 moriae
308 3325 435 3386 proditum
444 3334 491 3388 est,
499 3343 551 3388 quo
562 3328 604 3376 die
615 3329 703 3375 urbem
711 3329 785 3376 diuus
794 3329 926 3387 Augustus
933 3324 1071 3387 Apollonia
1080 3338 1200 3372 reuersus

205 3390 314 3447 intrauit,
335 3391 401 3439 circa
418 3393 498 3440 solem
524 3394 607 3442 uisum
628 3393 720 3442 coloris
745 3394 808 3442 uarii
827 3393 956 3453 circulum,
981 3391 1062 3452 qualis
1087 3405 1145 3438 esse
1171 3389 1198 3437 in

204 3471 264 3504 arcu
282 3456 368 3505 solet:
390 3458 569 3507 uersicolorem
590 3475 676 3507 arcum
691 3459 766 3507 Herel
843 3456 967 3519 8inp.A
1044 3455 1199 3504 1oinuidio-

204 3536 260 3570 sum
282 3520 382 3569 Smieer
447 3539 476 3571 12
492 3523 636 3586 spraeuitA
705 3539 734 3586 15
752 3525 843 3574 cedere
853 3523 913 3582 ΑΡ,
925 3538 973 3571 em.
984 3521 1097 3570 Gelenrias
1169 3523 1200 3568 16

1017 3602 1031 3626 θ.

204 3636 305 3685 sibimet
326 3635 430 3686 Vrsinus
443 3644 465 3686 et
474 3637 593 3701 Bentley:
610 3647 691 3689 semet
708 3639 764 3689 ΑΡ
825 3591 959 3700 indigrium
970 3637 1052 3686 uideri
1062 3636 1087 3686 A
1098 3637 1203 3686 Rabirui

205 3702 314 3749 ardebam
327 3704 427 3765 qur'sua'l
438 3711 494 3753 ante
504 3707 607 3767 smptus
617 3709 635 3757 Β
646 3724 662 3753 α
674 3707 771 3769 litteras,
788 3707 878 3768 qulbus
893 3703 1065 3752 inuertendum
1079 3719 1137 3751 eum
1150 3719 1200 3750 esse

204 3767 354 3829 signficauil
363 3769 503 3818 Amerbach
577 3771 659 3820 uideri
675 3772 809 3832 indignum
820 3770 846 3819 P
907 3786 936 3831 17
954 3768 1073 3819 COSA:
1091 3768 1167 3817 COS.
1176 3766 1203 3815 P

205 3831 300 3894 excipit
310 3833 369 3894 ΑΡ,
383 3851 428 3884 een.
443 3834 546 3884 Cludr'us
675 3853 704 3885 21
724 3837 886 3898 deprehensa
897 3834 952 3882 ΑΡ
1030 3833 1137 3883 Antonii
1148 3831 1202 3880 ΑΡ

205 3912 237 3959 23
254 3901 401 3950 sestertium
412 3901 528 3963 septiens
538 3900 566 3950 A
577 3919 584 3951 ε
602 3901 664 3952 S·H
676 3903 774 3964 septies
785 3901 812 3951 P
874 3901 956 3950 milies
966 3898 1021 3949 ΑΡ

688 3990 718 4045 ll
