2996 4520
587 395 742 455 VELLEI
765 395 1005 457 PATERCVLI

296 564 406 624 habere
421 583 511 640 quam
525 561 691 623 Antonium
706 561 878 640 principem,
894 574 1009 623 tantum
1027 563 1173 624 retulis's'et
1186 565 1297 626 habere

268 666 421 732 3Brutum
450 681 539 738 quam
568 660 713 723 Cassium.
757 662 812 722 Cn.
837 660 995 735 Domitius,
1018 673 1101 738 pater
1126 665 1158 723 L.
1181 663 1295 723 Domiti
1390 657 1393 660 ¹
1470 674 1471 683 ¹

296 779 390 836 nuper
410 779 428 818 a
449 757 535 819 nobis
553 757 617 832 uisi,
638 758 889 819 eminentissimae
909 779 945 819 ac
964 759 1166 821 nobilissimae
1187 761 1296 839 simpli-

295 855 390 917 citatis
426 855 489 929 uiri,
518 871 592 915 auus
625 855 712 916 huius
744 857 799 918 Cn.
831 855 954 929 Domiti,
985 856 1137 917 clarissimi
1167 857 1292 931 iuueniS,

295 952 446 1030 occupatis
479 952 605 1013 nauibus
641 973 708 1013 cum
737 973 846 1031 magno
874 953 1061 1030 sequentium
1090 955 1213 1015 consilia
1240 969 1322 1018 suas

295 1051 437 1111 comitatu
459 1052 545 1128 fugae
569 1052 764 1128 fortunaeque
785 1071 817 1111 se
842 1051 998 1126 commisit,
1021 1064 1115 1134 semet
1137 1052 1203 1130 ipso
1224 1074 1293 1113 con-

266 1178 282 1223 4
295 1161 393 1210 tentus
408 1152 485 1210 duce
499 1148 633 1226 partium.
664 1148 772 1210 Statius
785 1151 916 1223 Murcus,
929 1149 981 1226 qui
995 1150 1081 1210 classi
1095 1161 1125 1211 et
1139 1151 1292 1212 custodiae

294 1245 382 1306 maris
401 1249 572 1323 praefuerat,
589 1266 657 1306 cum
680 1245 763 1306 omni
785 1246 944 1306 commissa
966 1246 1022 1306 sibi
1044 1259 1127 1324 parte
1149 1248 1292 1308 exercitus

294 1341 476 1420 nauiumque
510 1345 574 1403 Sex.
605 1342 790 1420 Pompeium,
821 1345 875 1405 Cn.
910 1343 1014 1420 Magni
1046 1343 1148 1418 filium,
1178 1345 1229 1422 qui
1256 1365 1293 1405 ex

265 1439 443 1519 5Hispania
463 1453 612 1501 reuertens
636 1439 765 1501 Siciliam
786 1441 874 1501 armis
896 1453 1103 1518 occupauerat,
1118 1442 1209 1520 petiit.
1252 1445 1343 1504 adro

293 1559 382 1616 quem
406 1550 435 1600 et
457 1559 474 1600 e
497 1537 645 1599 Brutianis
668 1538 768 1599 castris
791 1550 820 1599 et
843 1559 878 1599 ex
900 1539 986 1599 Italia
1006 1539 1130 1617 aliisque
1150 1552 1291 1601 terrarum

293 1637 432 1715 partibus,
456 1657 531 1714 quos
553 1636 700 1714 praesenti
722 1636 853 1714 periculo
874 1639 992 1697 fortuna
1016 1638 1203 1712 subduxerat,
1227 1659 1292 1716 pro-

293 1735 393 1812 scripti
421 1735 631 1796 confluebant:
671 1733 782 1812 quippe
817 1737 932 1794 nullum
967 1734 1146 1795 habentibus
1182 1747 1290 1796 statum

293 1831 417 1908 quilibet
444 1834 505 1892 dux
532 1843 594 1891 erat
621 1831 755 1904 idoneus,
786 1852 854 1892 cum
879 1833 996 1892 fortuna
1023 1852 1085 1892 non
1114 1833 1291 1894 electionem

292 1930 383 2003 daret,
419 1929 584 2006 perfugium
622 1932 799 2003 ostenderet,
836 1929 1042 2007 exitialemque
1083 1938 1290 2008 tempestatem
1307 1961 1338 2012 15

292 2025 471 2102 fugientibus
486 2026 572 2087 statio
587 2046 641 2104 pro
655 2039 741 2104 portu
755 2029 838 2088 foret.

241 2140 279 2200 73
334 2122 397 2183 Hic
430 2125 605 2183 adulescens
636 2135 696 2183 erat
724 2123 829 2184 studiis
857 2125 945 2199 rudis,
976 2145 1112 2186 sermone
1140 2126 1289 2200 barbarus,

292 2219 404 2298 impetu
442 2232 586 2295 strenuus,
623 2242 713 2281 manu
750 2233 913 2300 promptus
947 2223 1076 2302 cogitatu
1109 2227 1194 2298 celer,
1231 2226 1291 2285 fide

291 2317 366 2395 patri
381 2316 601 2392 dissimillimus,
617 2317 789 2378 libertorum
804 2327 925 2380 suorum
942 2321 1063 2381 libertus
1078 2341 1290 2399 seruorumque

265 2437 401 2491 asemus,
430 2415 571 2494 speciosis
598 2415 745 2491 inuidens,
774 2427 807 2477 ut
834 2430 948 2495 pareret
974 2418 1165 2480 humillimis:
1200 2440 1289 2497 quem
1305 2441 1338 2476 20

290 2525 409 2575 senatus
424 2535 519 2593 paene
533 2526 612 2575 totus
626 2516 725 2575 adhuc
744 2536 761 2575 e
783 2515 973 2594 Pompeianis
996 2529 1135 2578 constans
1158 2518 1289 2595 partibus

290 2623 358 2690 post
372 2611 485 2673 Antoni
499 2633 517 2672 a
533 2611 651 2672 Mutina
664 2613 763 2689 fugam
779 2616 886 2673 eodem
901 2613 952 2673 illo
966 2625 1108 2692 tempore,
1121 2635 1181 2692 quo
1197 2618 1289 2675 Bruto

275 2705 454 2787 ,Cassioque
469 2708 676 2769 transmarinas
690 2708 858 2786 prouincias
873 2713 1051 2784 decreuerat,
1067 2724 1239 2772 reuocatum
1254 2733 1289 2772 ex

290 2805 446 2883 Hispania,
475 2805 528 2866 ubi
555 2805 698 2866 aduersus
726 2826 795 2866 eum
823 2805 1017 2867 clarissimum
1046 2809 1157 2868 bellurn
1192 2808 1288 2869 Pollio

288 2903 409 2963 Asinius
432 2902 594 2981 praetorius
618 2914 754 2980 gesserat,
778 2903 809 2963 in
830 2915 952 2981 patema
973 2906 1054 2965 bona
1074 2905 1238 2966 restituerat
1259 2918 1289 2967 et
1304 2932 1337 2984 ²5¹

260 3019 357 3064 sorae
379 2998 542 3068 maritimae
562 3002 748 3076 praefecerat.
792 2999 816 3060 is
838 3012 910 3075 tum,
926 3011 959 3061 ut
979 3002 1186 3087 praediximus,
1200 3023 1289 3063 occu-

288 3107 358 3173 pata
380 3097 478 3158 Sicilia
500 3097 618 3158 seruitia
640 3097 839 3176 fugitiuosque
858 3098 889 3157 in
908 3120 1065 3160 numerum
1080 3100 1223 3160 exercitus
1242 3100 1288 3161 sui

323 3268 335 3300 1
354 3253 412 3301 relit
423 3251 475 3316 det,
489 3252 543 3300 det'a
556 3252 684 3300 retulisset
700 3251 727 3300 A
849 3257 895 3299 aet
906 3269 921 3312 4
934 3252 1028 3300 Domiti
1039 3252 1094 3300 ΑΡ
1206 3270 1222 3316 3
1239 3255 1287 3303 uisi

287 3326 362 3381 super
382 3333 497 3366 rasuram
520 3318 545 3365 in
563 3316 590 3365 A
704 3333 718 3378 7
737 3317 832 3366 Statius
855 3318 974 3366 Vrsinus:
992 3319 1079 3366 Status
1097 3317 1142 3366 A:
1161 3319 1246 3368 Staius
1263 3319 1291 3367 P

288 3384 440 3445 murnsa'el,
454 3381 656 3431 danmurcusA
732 3384 933 3444 8preeratdel.,
948 3383 1002 3431 dein
1011 3383 1145 3445 pfueratA
1214 3401 1286 3433 exer-

288 3450 353 3497 citus
373 3449 497 3498 Gelenius:
519 3449 633 3496 exercitu
649 3447 704 3496 ΑΡ
805 3449 892 3509 9Sex
908 3448 934 3496 A
1026 3465 1057 3497 ro
1074 3450 1146 3510 petiit
1160 3450 1286 3499 Gelenrics:

288 3516 352 3577 petit
364 3513 420 3561 ΑΡ
488 3513 724 3575 adquemeteP:
747 3514 831 3574 adque
849 3529 889 3562 me
904 3515 926 3561 T
940 3530 954 3562 e
970 3511 1011 3562 B:
1035 3522 1112 3575 atque
1130 3531 1170 3563 me
1188 3515 1209 3562 T
1226 3532 1241 3563 e
1257 3516 1284 3563 A

290 3594 318 3640 13
335 3580 421 3628 statim
438 3580 540 3641 Lipsius
562 3579 606 3626 uix
621 3579 783 3642 probabiliter,
803 3579 832 3639 cs.
851 3578 940 3627 Novak
945 3587 972 3642 p.
988 3594 1018 3640 97
1129 3596 1157 3642 17
1177 3582 1246 3629 rudis
1263 3581 1286 3629 is

287 3645 440 3694 sermoneA
458 3644 706 3694 Numinsermonel
775 3646 805 3692 18
821 3644 994 3692 strennuusA
1042 3645 1152 3706 cogitatu
1165 3645 1285 3708 Schessar:

288 3710 415 3772 cogitatur
431 3709 497 3761 AP:
532 3711 686 3771 cogitatione
708 3710 864 3758 Rhenanus:
895 3711 1034 3771 cogitando
1055 3711 1137 3758 Halm
1252 3727 1285 3760 ao

288 3776 424 3825 humilimis
435 3775 461 3822 A
562 3791 593 3823 22
610 3776 709 3824 antonii
720 3775 745 3823 A
760 3776 881 3824 mutinam
892 3775 924 3839 B,
937 3792 982 3824 em.
996 3776 1092 3825 Bam:
1111 3777 1284 3826 Antonianam

287 3842 342 3891 ΑΡ
437 3843 471 3889 26
488 3841 563 3889 istum
574 3841 629 3889 ΑΡ
